2950 4932
254 289 341 370 ’274
594 281 856 354 Commentarius
876 281 912 350 ln
936 279 1036 372 Prop.

263 460 421 536 rediisset,
446 456 493 524 illi
513 474 650 539 megnnm
672 457 780 522 melone
799 455 982 521 neroenlnn
1004 461 1079 520 eret.
1122 455 1226 537 Neque
1245 453 1331 538 igitur

262 549 377 624 lacon,
403 548 455 628 qni
472 545 550 609 elias
572 562 690 626 quoque
709 554 793 606 reete
813 543 911 606 fronte
933 543 1124 606 Leobnenuo
1145 543 1265 625 obloqui
1283 558 1331 605 re·

263 645 357 709 retur,
375 642 550 712 argumenta
565 649 602 694 ea
617 629 749 694 timidius
763 631 877 694 eritaue
890 627 981 695 alienu
997 631 1249 711 interpretationis
1260 629 1331 692 rien

263 737 413 803 quaerere
435 717 575 792 debebat,
594 726 626 781 ut
645 718 789 779 librorum
810 717 1017 780 auctoritatem
1038 711 1221 778 observaret.
1262 713 1331 778 llam

264 806 347 888 quod
374 807 513 870 timens
541 803 595 867 ille
615 821 671 885 pro
696 803 872 885 quamvis
894 803 1033 866 timens
1064 800 1171 865 bietuur
1193 803 1251 878 ait,
1276 801 1331 863 iam

263 894 499 973 inrequaeras,
524 889 674 970 quomodo
697 907 800 952 sersus
826 889 1008 952 maiorem
1028 879 1115 950 lolem
1137 889 1246 952 ceteris
1263 905 1331 950 nun·
1426 891 1427 928 ³

262 981 315 1044 tiis
335 979 448 1040 babere
471 975 595 1052 debeat,
617 976 770 1048 etiamsi
794 975 902 1038 molam
923 975 987 1038 eius
1008 971 1076 1036 blei
1095 977 1222 1056 gratiam
1244 993 1263 1037 a
1283 972 1332 1036 lo·
1426 989 1427 1002 ι

263 1065 343 1140 mina
356 1063 483 1126 initurus
498 1063 546 1126 sit.
589 1063 680 1126 lurnro
692 1063 740 1124 bie
761 1060 874 1123 timor
895 1059 1075 1124 eontrarium
1089 1061 1177 1142 plabe
1190 1059 1332 1123 suaderet

363 1167 393 1215 r.
413 1151 444 1212 8.
467 1149 669 1230 suspensis
684 1147 909 1211 -onribns
954 1149 981 1208 Α
1003 1147 1089 1208 mulis
1104 1147 1153 1210 rel
1172 1149 1334 1210 asinione·

262 1233 420 1318 tapborana
442 1233 560 1297 ‹luetan
577 1233 715 1298 Kuinoel
731 1231 853 1295 inbibat
896 1233 959 1298 Neu
971 1249 1041 1296 rero
1058 1235 1114 1296 bno
1127 1233 1241 1297 leoinnt
1262 1249 1334 1295 sur-

262 1321 377 1405 peusi
406 1320 570 1401 gradus,
603 1321 655 1382 ull.
678 1337 755 1400 qnae
775 1317 876 1382 Bnrm.
895 1329 1113 1384 commemoret.
1156 1319 1275 1384 Certum
1294 1324 1334 1382 est

264 1405 430 1488 significari
459 1415 585 1470 urentem
615 1407 820 1489 expectatione
846 1423 1079 1488 suspensam.
1129 1405 1196 1484 Quo
1220 1406 1258 1470 ele
1284 1421 1335 1466 usu

263 1494 350 1558 serbi
370 1493 410 1557 ol.
431 1491 563 1575 Interpp.
587 1491 626 1555 atl
648 1493 734 1572 virg.
756 1491 829 1552 Aen.
847 1491 885 1566 ll,
908 1495 981 1555 lll.
1001 1490 1052 1568 vt,
1069 1496 1142 1556 722.
1169 1490 1250 1555 nnn.
1262 1489 1333 1555 Plio.

262 1579 320 1660 Ep.
342 1578 407 1656 vlt,
428 1581 459 1653 6,
483 1583 551 1642 leb:
573 1577 794 1660 Suspensus
817 1585 953 1658 expecto.
998 1576 1062 1641 Gie.
1084 1577 1190 1640 Fanil.
1206 1577 1272 1653 XV,
1292 1581 1334 1642 l.=

262 1665 317 1732 llis
335 1667 425 1728 rebus
447 1663 548 1728 ellatis
561 1697 604 1708 -
619 1666 675 1729 etsi
696 1662 899 1742 intelligebam
913 1699 952 1711 -
967 1679 1110 1727 novarum
1130 1681 1232 1726 rernm
1250 1679 1335 1744 expe·

263 1751 394 1818 statione
415 1767 637 1832 suspensos.
679 1749 749 1814 Alia
770 1747 900 1831 plurima
919 1747 1018 1812 lenire
1031 1747 1234 1831 suppeditant.
1265 1749 1335 1812 llius

261 1839 394 1904 rullus
421 1855 631 1918 suspensus
660 1835 724 1899 (liu.
750 1851 806 1916 pro
829 1833 945 1898 Gluent.
968 1839 1023 1900 bt.
1052 1845 1082 1899 et
1106 1835 1186 1916 quorl
1214 1837 1337 1899 maxim

262 1923 303 1989 ab
334 1923 412 1986 buna
439 1922 538 1987 loouun
565 1921 639 1986 lauit
664 1920 955 1987 lateranens:
990 1920 1071 1984 tlon
1099 1923 1128 1986 si
1153 1923 1337 2005 presteriens

265 2009 419 2092 esperterit
439 2017 555 2072 ereutos
573 2009 721 2072 intuentes
742 2004 858 2070 indices
879 2041 921 2056 -
942 2015 1010 2084 ant,
1038 2018 1070 2071 ut
1087 2025 1200 2078 ‚arem
1231 2017 1337 2072 oantu

263 2095 419 2178 aliquo,
444 2096 488 2158 sio
509 2095 581 2158 illos
605 2093 706 2159 rident
725 2094 862 2156 oratione
883 2093 970 2174 qnasi
992 2110 1205 2177 suspensor
1234 2094 1338 2160 teneri.

262 2181 491 2256 buetrenton,
519 2179 599 2262 qunrl
622 2181 712 2242 animi
734 2179 783 2243 rel
804 2177 905 2260 potius
925 2179 1052 2242 bominis
1071 2181 1163 2244 tutius
1185 2189 1250 2258 est,
1274 2199 1337 2244 au·

263 2269 395 2344 ribus,
429 2267 569 2346 onibus
597 2265 678 2329 biolo
699 2263 887 2342 andimus,
916 2265 1065 2342 tribuitur,
1092 2275 1125 2328 ut
1144 2265 1183 2343 ll,
1201 2271 1235 2342 4,
1255 2271 1285 2330 4.
1304 2264 1338 2343 ll,

264 2355 317 2429 ab,
333 2354 382 2417 19.
400 2351 577 2432 pedibus,
593 2350 673 2434 qnod
689 2361 735 2414 est
747 2352 887 2415 euntium.
918 2349 1031 2414 Eadem
1046 2352 1138 2430 igitur
1152 2360 1197 2415 est
1208 2351 1338 2416 transla-

261 2439 397 2520 tio‚'qna
419 2437 591 2520 penrlere
614 2438 814 2502 narrantis
837 2436 882 2499 ab
906 2453 973 2500 ore
994 2438 1126 2520 aliquem
1146 2433 1283 2518 dioinms,
1308 2443 1339 2502 ut

261 2525 348 2606 virg.
367 2529 443 2588 Aen.
462 2524 513 2600 IV,
533 2529 585 2588 70.
607 2523 692 2590 0ritl.
714 2523 807 2587 Trist.
829 2522 855 2600 1,
874 2526 926 2588 30.

365 2626 394 2673 r.
413 2614 445 2674 s.
467 2609 621 2674 Siroine
643 2612 683 2673 ab
701 2609 835 2672 brenulo
854 2607 972 2672 rirletur
992 2624 1070 2672 esse.
1110 2605 1244 2672 Primum
1266 2607 1340 2672 euin

261 2693 295 2762 in
314 2694 441 2758 Aldinis
454 2696 575 2775 legitur,
595 2713 632 2759 ne
654 2697 776 2761 Laebnr.
799 2693 917 2773 eredas,
945 2695 997 2778 qui
1017 2695 1132 2760 blnreti
1152 2713 1220 2758 enne
1242 2697 1341 2761 eouie·

261 2791 377 2848 oturaur
399 2799 465 2846 esse
486 2792 597 2847 oeuset.

364 2885 393 2932 r.
417 2871 469 2932 ll.
489 2869 575 2947 Quae
596 2866 750 2933 serinia
770 2866 846 2942 sint,
866 2865 1060 2947 Boettigerus
1082 2865 1170 2930 rlouet
1187 2864 1294 2930 Sabin.
1314 2865 1338 2930 l.

228 2983 232 2992 ¹
261 2971 292 3035 p.
315 2957 444 3037 bquq„
466 2973 504 3017 ne
526 2973 591 3018 eunt
611 2949 780 3018 Buru'anno
803 2951 841 3016 tle
862 2953 1003 3032 tbeols,
1023 2953 1132 3036 qulbus
1148 2952 1251 3018 libelli
1270 2969 1340 3017 ouu-

261 3041 419 3118 leuantur,
441 3041 566 3123 cogites.

364 3144 393 3190 r.
417 3131 470 3190 22.
500 3123 707 3208 aequalem
727 3121 836 3188 nulla
859 3120 939 3188 lieet
958 3122 1108 3188 babere
1129 3121 1239 3188 bono
1260 3119 1338 3201 (relr

261 3209 407 3277 nnllam
422 3210 605 3290 -rlomib
630 3211 799 3275 Passerate
821 3209 869 3273 lit
890 3209 1044 3292 quolem
1066 3208 1192 3275 nullas
1214 3211 1339 3275 elisoet

260 3295 375 3362 babere
393 3297 538 3374 domos;
565 3297 613 3362 rel
641 3294 927 3360 nulla-bomo
949 3295 998 3360 rel
1020 3297 1107 3360 etiarn
1128 3297 1339 3380 Aequalera

260 3379 471 3448 -rlneere
503 3383 667 3449 D’0rrill.:
690 3385 779 3465 Aeq.
802 3381 913 3445 nulla
933 3381 1075 3446 elusere
1098 3383 1141 3446 ab
1161 3393 1249 3448 arte
1270 3382 1338 3446 do·

260 3485 363 3534 mum.
405 3471 580 3535 Markland.
603 3478 700 3533 eutem
722 3469 879 3551 superiore
895 3485 1014 3550 qnoque
1029 3469 1203 3536 hexametro
1226 3477 1336 3534 tentato

261 3553 333 3636 (pro
361 3557 471 3621 nullo
501 3559 578 3620 eninr
599 3555 705 3619 maluit
732 3571 820 3632 nuo;
850 3554 890 3618 el.
912 3565 1010 3618 muron
1031 3553 1068 3633 Q.
1088 3555 1122 3618 Ρ.
1142 3554 1181 3631 ll,
1197 3559 1230 3622 6.
1253 3575 1279 3618 s.
1301 3553 1337 3618 llt

261 3636 291 3723 ς.
316 3644 366 3705 18.
388 3659 418 3724 p.
439 3645 542 3724 136.);
565 3642 740 3707 llirelem
761 3659 805 3704 ex
825 3639 902 3704 illa
921 3639 1033 3704 (liuor
1053 3641 1198 3705 babere
1219 3640 1335 3708 bonno.

260 3727 384 3790 Santon.
406 3727 437 3790 in
457 3730 567 3793 litteris
590 3747 658 3792 mss.
679 3727 787 3791 nnllo
805 3727 965 3806 -loeo,
992 3723 1108 3790 scilieet
1132 3735 1186 3804 „ut
1213 3741 1336 3807 expres·

260 3813 335 3876 serit
357 3811 588 3878 Gallimeobenru
610 3833 655 3897 ep.
673 3817 741 3878 ab:
763 3801 883 3876 Nrirrl'
906 3801 1000 3892 ὁμὲν
1015 3801 1179 3896 &prestari
1198 3805 1336 3914 be'pertrt

259 3893 354 3984 roupi,
375 3897 435 3982 τῆς
455 3895 493 3964 δὲ
514 3895 672 3984 ταλαίνης
692 3896 839 3984 Νύμφης
860 3886 906 3973 ὦς
926 3892 1114 3982 Μεγαρέων
1140 3887 1187 3962 οὐ
1209 3893 1334 3980 loyor

260 3973 344 4046 οὔτ’
374 3974 593 4068 ἆριθμός.“
640 3987 757 4050 Borma
786 3987 833 4048 At
861 3983 1009 4066 qualern
1031 3983 1116 4046 nulla
1136 3984 1261 4068 possit
1281 3983 1335 4044 bo·

258 4067 336 4136 bera
364 4068 463 4136 borno.
528 4069 585 4135 tini
611 4069 651 4134 orl
686 4071 862 4135 sententium
889 4069 989 4132 simile
1015 4068 1138 4135 Laobnr.
1172 4069 1335 4134 inuentum:

212 4188 215 4198 .
259 4155 570 4239 neqnotennulle
595 4157 859 4222 unisitbabere
882 4154 979 4220 bonno.
1032 4155 1100 4236 Ego
1120 4173 1192 4220 rero
1213 4173 1273 4219 nou
1291 4159 1336 4216 te·
1426 4211 1427 4222 2

212 4283 216 4292 ·
258 4259 342 4310 mere
368 4243 517 4328 egendum
544 4244 594 4310 bie
620 4261 688 4310 esse
716 4241 798 4311 duxi.
848 4241 945 4308 Unum
967 4241 1064 4324 enin,
1092 4243 1126 4308 iu
1145 4259 1206 4328 tpuo
1227 4237 1334 4323 aliquit
1426 4227 1427 4310 t
