2912 4920
36 336 53 392 i

259 299 338 384 m
585 305 847 380 commanus
867 307 902 378 n
919 269 1017 402 osup.

259 477 389 546 duritas
407 477 536 563 primum
557 484 758 568 composuisse
777 501 842 548 eam
868 483 938 567 plns
958 503 1019 550 uno
1042 493 1216 568 srgrrrsnto
1238 483 1335 552 colle·

260 569 403 648 gerimus.
444 567 550 632 liixsm
568 572 663 650 igitur
679 569 839 653 Propertio
858 573 938 636 inter
952 575 1116 638 conuiuium
1138 575 1181 652 (3.
1198 579 1246 654 i.)
1268 591 1336 638 com

262 651 391 734 Gputlcis
412 665 507 716 ortam
532 673 599 720 esse
621 665 754 758 apertum
774 665 829 720 est.
881 657 981 724 Causa
999 662 1084 724 rixae
1106 661 1248 724 aemuli
1266 677 1335 725 ca-

260 737 430 804 lumniae
459 742 562 822 (iz),
599 761 650 824 qur
679 741 834 824 Gpntiiam
868 747 1097 828 suspicione
1129 746 1330 830 periidisc

261 825 431 904 (li—lc.)
455 825 596 892 adversus
608 829 795 912 Propertium
810 830 1020 896 stimulaverat.
1063 833 1180 897 luitinm
1200 847 1336 897 amorum

261 911 422 976 maledicta
442 913 577 993 purellae;
598 913 664 978 linis
683 917 843 998 triumphus
865 914 1031 982 aduersarii
1045 921 1134 996 (ss).
1178 918 1268 984 Ridet
1287 927 1335 981 to-

261 1016 328 1061 men
345 995 520 1078 Propertius
549 1011 580 1066 et
601 1003 715 1064 amicos
735 1003 785 1064 ira
805 1002 933 1084 goudet3
961 1023 1061 1070 rerum
1090 1007 1166 1070 euim
1194 1005 1262 1068 hinc
1278 1007 1337 1068 *ar-

262 1083 366 1148 dorem
389 1085 508 1150 coniicit
527 1085 685 1167 (1-22.).
730 1086 807 1165 Quis
831 1088 945 1154 mulia?
966 1091 1105 1156 Desidiae
1127 1093 1157 1155 in
1180 1109 1282 1155 encore
1305 1099 1338 1156 ei

260 1169 436 1252 languidam
457 1173 594 1236 inertium
615 1173 687 1237 odit.
736 1173 931 1238 Gondimenta
952 1178 1221 1260 cupidinistnrhss
1244 1193 1336 1259 expe-

261 1257 299 1322 tit
320 1265 350 1320 et
370 1259 583 1323 contentiones.
625 1257 686 1323 Nec
708 1259 796 1323 modo
813 1262 947 1338 amicum,
967 1263 1020 1328 sed
1041 1263 1188 1350 interdum
1205 1281 1240 1327 se
1260 1279 1338 1345 qao

262 1360 322 1425 pnc
350 1341 489 1408 dolere
516 1345 580 1408 ruit
606 1356 636 1409 et
660 1345 864 1409 lacrimari
893 1349 961 1426 (28.
986 1354 1072 1431 lt),
1103 1359 1205 1414 noctes
1235 1349 1331 1431 sospi-

261 1431 350 1494 cione
377 1431 525 1513 inquietas
555 1433 629 1508 sibi,
656 1433 752 1495 iram
780 1433 901 1518 puellae
923 1441 1007 1516 optat
1027 1439 1094 1516 (27.
1119 1440 1199 1515 28).
1242 1435 1336 1499 ·lnter

261 1517 339 1666 laelc¹
356 1525 454 1580 autem
474 1517 635 1582 norissima
654 1536 791 1584 rensuum
811 1521 899 1604 paris
919 1519 1045 1586 medium
1059 1523 1266 1607 interpositum
1287 1519 1336 1585 di·

261 1603 318 1668 stic
339 1621 404 1666 nm:

434 1705 515 1758 Tecto
531 1707 680 1774 superciliis
696 1669 841 1774 si'puoodo
858 1707 938 1762 cerdo
954 1709 1077 1777 remittis,

467 1775 521 1828 Aust
533 1783 582 1828 tso
601 1791 659 1828 curm
675 1777 793 1830 lusciosis
804 1779 906 1846 scripto
922 1779 1025 1830 silendo
1039 1784 1130 1834 odos·

261 1861 317 1928 llis
337 1861 473 1927 versibus
495 1863 547 1944 qui
568 1861 722 1944 Gpntliam
740 1864 898 1950 Propertio
921 1865 996 1928 clam
1018 1864 1187 1939 minantem,
1207 1879 1246 1924 ms
1264 1881 1337 1926 ma·
1444 1847 1446 1862 ¹

262 1953 340 2016 cito
368 1950 519 2032 praesenti
540 1951 651 2012 umoris
678 1960 798 2014 secreta
815 1949 940 2033 prodat,
969 1949 1097 2014 describi
1117 1957 1254 2024 censeat,
1282 1965 1337 2010 eos

261 2051 340 2118 nunc
360 2033 547 2118 redarguere
569 2052 628 2097 non
643 2052 718 2117 opus
741 2046 796 2099 est.
839 2037 995 2118 Nunquam
1016 2037 1093 2101 enim
1116 2035 1171 2097 iila
1184 2033 1337 2097 cuiusdam

240 2140 342 2188 -axcr
363 2121 429 2185 luit.
471 2125 518 2198 lit,
539 2120 698 2196 siluisset,
727 2139 765 2186 ne
782 2131 841 2184 tum
864 2123 981 2205 paridem
1003 2122 1090 2186 istam
1111 2122 1337 2203 interpretatio·

262 2227 330 2276 aem
350 2211 521 2292 proluerent.
549 2207 747 2288 ,Quamquam
763 2210 815 2289 qui
836 2227 900 2271 eaor
915 2207 1111 2271 reiellendam
1132 2209 1189 2268 sihi
1210 2207 1335 2287 sumpsit

262 2295 386 2361 Laclm.
407 2295 542 2374 argutias
564 2292 706 2374 perdidit.
757 2295 839 2358 llaec
863 2296 939 2358 enirn
960 2295 1029 2358 ille:
1058 2294 1137 2372 „Qui
1165 2310 1239 2357 reno
1259 2293 1339 2372 Cpr·

263 2383 372 2457 dium,
404 2380 472 2444 dam
502 2381 614 2462 scripta
642 2397 697 2442 suo
724 2379 842 2444 silenda
869 2380 1007 2461 digitis
1033 2387 1157 2456 notat,
1187 2377 1338 2440 dolentem

263 2466 405 2534 audire
425 2465 544 2550 potuit?
573 2483 650 2547 quoe
679 2464 781 2546 digitis
807 2465 865 2528 misi
893 2475 1051 2548 praesente
1079 2468 1186 2530 morito
1208 2481 1267 2528 noo
1290 2463 1340 2527 lo-

263 2553 427 2638 quebatur,
456 2563 615 2636 praesente
637 2561 734 2616 antem
757 2553 863 2620 marito
884 2553 987 2632 digitis
1014 2561 1142 2627 tantum,
1172 2568 1231 2614 non
1254 2555 1338 2613 ore.“

263 2640 478 2708 cavillationes
506 2639 581 2702 istas
610 2655 676 2700 esse
700 2638 858 2701 uerborum
885 2641 951 2720 quis
972 2640 1085 2717 segeti
1127 2641 1166 2701 Ac
1193 2639 1339 2717 grauiora

265 2736 335 2792 sunt
354 2735 540 2805 arguments,
571 2725 678 2806 quibus
700 2725 860 2788 Kainoeliu
883 2725 1065 2788 sinilibosse
1088 2723 1258 2787 scholiastis
1283 2726 1340 2786 ab·

262 2815 343 2880 usn
365 2828 428 2888 eus,
448 2829 512 2874 cnm
535 2811 693 2874 uniuersae
713 2811 831 2890 elegiae
853 2813 942 2886 ustio,
962 2829 1022 2892 qna
1033 2809 1154 2872 dolores
1176 2827 1215 2872 ex
1235 2827 1339 2873 onore

263 2899 418 2984 proiectos
430 2896 593 2978 significari
612 2905 702 2978 patet,
725 2915 784 2958 nou
806 2913 954 2979 expuens
976 2898 1073 2958 mariti
1094 2895 1142 2959 rel
1159 2905 1237 2958 meto
1259 2896 1339 2976 legis

263 2984 371 3060 liuline,
391 2991 451 3047 tum
474 2985 598 3065 probum
622 2993 651 3046 et
672 2982 828 3046 candidum
850 2994 957 3063 poetae
977 2983 1137 3062 ingenium,
1158 2983 1210 3063 qui
1231 2983 1256 3043 si
1272 2983 1339 3063 ipse

264 3073 404 3137 moechos
424 3071 542 3146 inisset,
561 3087 625 3130 cum
643 3069 752 3134 misera
770 3067 908 3132 adultera
928 3077 987 3132 tam
1009 3071 1115 3131 misere
1137 3066 1243 3129 ludere
1264 3087 1341 3131 noo·

266 3177 354 3241 qoam
375 3159 478 3220 hercle
500 3156 696 3219 sustinuisset.
739 3158 846 3238 Apage
868 3157 943 3218 istos
964 3155 1094 3219 malitias
1116 3163 1145 3215 et
1167 3157 1260 3216 minas
1283 3171 1340 3218 nec

265 3256 358 3328 poeta
379 3260 434 3306 nec
454 3244 584 3304 carmine
605 3241 724 3322 dignas.
775 3240 846 3303 Alis
871 3243 1007 3323 proiecto
1038 3258 1086 3303 res
1113 3251 1191 3304 esset
1214 3248 1244 3304 et
1264 3239 1341 3302 mul-

265 3341 327 3396 tum
358 3327 493 3403 diversa,
521 3329 546 3390 si
574 3328 652 3409 apud
675 3336 824 3410 potentem
845 3326 985 3402 riualem,
1016 3325 1107 3389 reluti
1135 3325 1221 3389 istum
1251 3345 1340 3410 quern

266 3416 326 3480 scis
342 3425 522 3497 praetorem,
544 3425 635 3494 pocta
650 3413 762 3475 insidia
784 3415 931 3476 cruciatus
952 3424 981 3476 et
996 3413 1140 3494 inpotens
1162 3413 1273 3474 amoris
1294 3413 1341 3475 in·

266 3501 362 3564 dicem
390 3519 423 3565 se
450 3499 579 3562 laturam
606 3499 731 3560 minatus
757 3507 851 3574 essct,
878 3510 910 3563 ut
935 3499 1093 3582 repudiata
1120 3499 1202 3560 solus
1230 3497 1340 3562 deinde

264 3587 428 3652 lineretur.
470 3585 565 3648 Anxie
586 3587 759 3664 gestientem
781 3585 936 3666 Cynthium
955 3585 1083 3660 rideres,
1103 3583 1282 3666 superciliis,
1303 3603 1343 3647 ue

264 3673 397 3750 laceret,
424 3683 609 3755 precantem,
635 3671 853 3748 lacrimantem,
879 3672 1023 3752 deniqne,
1054 3673 1081 3734 si
1105 3672 1187 3734 nihil¹
1208 3672 1343 3746 iuvisset,

130 3771 138 3788 ¹
267 3767 372 3841 aperte
401 3759 461 3820 ism
486 3759 592 3821 iratam
619 3767 648 3820 et
674 3759 887 3822 ocuriciunteor
909 3758 1039 3820 audires.
1089 3755 1210 3820 Portam
1230 3767 1341 3833 tamen,

266 3861 332 3910 cum
354 3842 393 3905 als
413 3842 537 3924 indigno
558 3843 680 3908 servitio
703 3853 872 3924 corruptam
895 3861 969 3906 auro
992 3835 1143 3906 mulierem
1163 3843 1285 3907 inritam
1310 3843 1342 3906 ri

266 3929 462 3996 abstraxisset
496 3939 526 3992 et
558 3931 690 4012 quamuis
724 3931 804 3993 laud
839 3929 927 3993 dubie
961 3931 1155 3993 reluctantem
1189 3930 1276 3992 initio
1310 3937 1342 3992 et
1440 3981 1441 3988 ,

266 4016 360 4080 multu
379 4015 458 4077 mals
478 4017 687 4095 imprecantem
702 4025 920 4097 recuperasset,
941 4018 1008 4096 quis
1029 4017 1234 4098 uituperaret?
1257 4015 1344 4078 llsnc
1440 4003 1441 4041 ³

265 4103 361 4183 igitur
381 4118 436 4163 nos
456 4100 624 4182 explicandi
642 4104 720 4167 riam
742 4101 889 4184 qnondam
903 4101 1032 4182 ingressi
1054 4102 1108 4177 (ad
1126 4103 1234 4182 interp.
1249 4103 1345 4184 Prop.

268 4187 367 4252 Germ.
388 4205 418 4270 p.
442 4187 598 4269 mtto),
619 4189 651 4252 in
671 4205 708 4253 ec
730 4197 827 4252 umen
849 4197 956 4270 postea
976 4189 1139 4262 haesimus,
1167 4185 1247 4270 qnod
1267 4187 1346 4250 Pro-

266 4267 396 4359 pertium
415 4271 526 4339 iactum
543 4272 669 4358 aliquod
689 4291 726 4340 ex
747 4274 810 4339 ulio
833 4275 945 4340 amoris
966 4275 1151 4358 temporeis
1178 4275 1346 4358 exemptam
1439 4349 1440 4354 η
