2912 4920
574 376 750 472 lelegum,
772 385 824 452 ss.
955 325 970 357 ²
1151 383 1233 466 835

161 557 286 644 probet,
313 557 456 640 prouisum
476 571 562 620 nemo
587 556 659 638 puin
677 547 751 619 dens
779 563 858 630 esset
877 554 1011 639 luppiter
1039 550 1234 629 dubimerit:
1293 610 1304 631 ,

161 655 262 730 poeta,
290 645 398 707 uuerbe
419 645 516 707 Ionem
538 646 706 725 increpans,
727 643 793 705 iure
816 643 854 708 ds
874 645 989 705 numine
1010 645 1073 706 elus
1094 640 1234 710 dubitare

163 749 197 796 se
220 735 271 808 sit,
300 733 350 812 pul
369 731 498 811 pnellsm
526 747 608 791 snam
630 729 798 808 (indiguam
820 728 875 792 deo
896 730 1123 809 negligentiam)
1151 747 1235 793 ser·

151 821 248 883 'nire
265 821 407 900 patiatur.
458 815 490 876 lu
512 815 569 878 ista
591 824 686 878 tamem
710 815 903 888 dubitatione,
932 816 1017 877 simul
1039 833 1137 880 sersus
1168 831 1235 880 esso

164 923 252 986 qurum
279 906 308 966 in
336 902 449 985 prolusi
477 902 611 984 posuerit
632 903 823 973 seutentiam,
845 902 963 964 loturi
987 912 1118 983 poetam,
1145 910 1235 982 etque
1326 966 1332 974 ,

164 993 241 1055 bauo
269 992 362 1072 ipsam
391 991 541 1070 propriam
571 1005 636 1050 esse
668 989 880 1050 coniunctionis
908 989 940 1049 si
975 991 1127 1062 uirtutem,
1162 987 1236 1054 culi.

164 1095 267 1140 comm.
289 1076 327 1138 sd
349 1075 396 1136 El.
420 1075 468 1146 lV,
492 1080 540 1148 ll,
565 1079 612 1138 19.
636 1075 755 1136 Heiudl.
779 1075 816 1134 sd
839 1074 911 1136 lior.
927 1074 991 1135 Sol.
1010 1071 1036 1150 1,
1057 1078 1086 1146 6,
1109 1079 1160 1136 21.
1178 1090 1236 1221 ep·
1325 1117 1331 1128 .

163 1163 292 1246 parebit.
315 1162 386 1225 Item
408 1161 437 1222 in
461 1161 577 1224 Graeco
601 1151 630 1222 si
651 1160 698 1223 sel
717 1151 751 1221 εἴ
769 1179 867 1238 senes:
897 1160 1025 1242 loterpp.
1045 1159 1083 1222 ad
1100 1160 1184 1222 Hom.

150 1246 208 1312 od.
232 1255 282 1314 39.
303 1253 375 1312 290.
398 1252 471 1310 bos.
526 1247 660 1328 Denique
689 1247 755 1328 quis
778 1264 901 1327 nunqnnunn
925 1249 954 1307 si
978 1263 1031 1326 pro
1054 1248 1129 1309 etsi
1153 1247 1236 1328 posi-

118 1391 121 1396 ,
165 1344 241 1408 turn,
269 1336 327 1398 uisi
354 1333 513 1396 additam
541 1333 669 1415 spodosi
695 1343 820 1395 tumen
847 1343 899 1400 snt
926 1333 1017 1394 simili
1043 1334 1163 1423 uerbo,
1185 1320 1237 1396 nei
1337 1322 1347 1339 '

164 1422 258 1484 insudo
280 1419 411 1484 audiuit?
1179 1451 1183 1458 ·

267 1525 296 1570 n.
317 1511 369 1570 29.
382 1509 434 1570 30.
457 1504 490 1568 ln
508 1505 667 1587 participio
689 1505 829 1569 abacto
844 1523 988 1569 summum
1008 1504 1149 1572 enuntiati
1167 1519 1237 1566 nes·-

167 1593 229 1656 sari
251 1593 390 1671 Q.1³.11,
413 1597 442 1656 6.
459 1609 487 1672 p.
506 1597 577 1654 142.
601 1595 830 1654 observavimus.
873 1591 937 1655 libo
950 1596 1024 1655 enim
1048 1592 1105 1653 ait:
1126 1589 1236 1666 Meter,

167 1699 233 1743 curu
265 1678 369 1740 dtrrnm
404 1679 528 1756 Zethum
564 1679 739 1759 mollemque
766 1679 956 1760 Amphionem
988 1688 1111 1759 experts
1148 1684 1237 1751 esset,

167 1767 280 1848 sbsots
298 1776 375 1828 esto
395 1765 549 1826 stsbnlis.“
569 1767 649 1826 suis
673 1769 835 1839 contemsit,
857 1765 935 1847 qnnod
958 1765 1016 1826 iarn
1032 1763 1153 1826 Laoln.
1169 1778 1237 1824 seu·

168 1855 215 1925 sit,
238 1853 316 1914 sibi
338 1851 494 1914 debilis.
518 1850 564 1914 ct.
580 1849 618 1912 ad
640 1851 688 1913 El.
707 1850 756 1926 lv,
772 1855 801 1926 3,
817 1856 868 1917 blo
901 1851 1038 1914 Proxime
1059 1860 1154 1911 temen
1169 1848 1192 1924 l,
1206 1851 1237 1924 3,

168 1943 235 2002 37.;
257 1939 388 2018 Namque
401 1937 451 1998 ubi
465 1936 558 2013 longo
575 1954 674 2000 mese
697 1939 876 2020 consumpsti
890 1948 1024 2017 tempora
1042 1936 1146 1997 uooti
1159 1953 1252 2021 s.·-··,

166 2042 196 2088 s.
210 2029 260 2088 29.
276 2024 400 2097 dubites,
424 2021 598 2084 lacrimis
615 2021 729 2086 dativus
744 2025 793 2100 sit,
815 2043 852 2085 sn
867 2023 1012 2088 ablativus
1025 2021 1101 2084 etsd
1116 2029 1237 2083 matrem

167 2109 366 2174 moerendum.
397 2108 867 2190 Quicquomodotameuaooipis,
887 2127 1003 2190 semper
1016 2109 1119 2172 mirum
1141 2105 1238 2191 sideri
1331 2173 1334 2179 ,

169 2197 267 2271 debet,
280 2196 358 2278 quod
373 2197 403 2258 in
417 2213 453 2258 eo
468 2213 564 2269 rersu,
580 2195 631 2276 qui
645 2195 723 2257 baud
739 2195 827 2257 dubie
842 2213 958 2258 conum
971 2193 1153 2276 insequentis
1167 2209 1238 2254 con·

167 2285 252 2356 tinet,
273 2282 475 2345 molliores
489 2281 660 2362 Amphionis
675 2299 770 2345 mores
780 2292 910 2344 extremo
923 2268 1239 2344 locubomnemonnr-
1301 2284 1312 2305 '

169 2379 228 2432 tur.
251 2369 324 2431 Nam
342 2369 404 2430 sine
418 2369 518 2430 nostris
530 2367 658 2430 lacrimis
673 2369 771 2444 cessit,
785 2370 847 2430 sine
862 2367 1085 2448 precilnsillins
1101 2367 1130 2427 iu
1146 2365 1238 2427 lsori·

168 2473 231 2519 Μ
246 2453 428 2535 lpseeilnsns
444 2461 498 2528 est,
513 2454 550 2518 sb
564 2455 710 2520 boooerte
719 2455 870 2536 expulsum
884 2456 1100 2535 essebntiopeu
1108 2453 1240 2532 Proper-

169 2543 229 2604 tius
242 2541 412 2620 significare
426 2539 530 2615 uoluit,
548 2540 602 2602 sed
617 2537 769 2602 edurisre
783 2541 808 2602 Z
817 2542 916 2603 elbo.
939 2541 978 2603 Et
992 2540 1035 2602 sio
1049 2557 1108 2601 rem
1123 2549 1240 2620 gestam

169 2638 273 2690 msrrst
286 2627 426 2707 Hygini.
442 2629 472 2690 8.
488 2643 518 2706 p.
536 2630 603 2690 26.=
634 2627 779 2701 „Devenit
793 2626 830 2687 sd
845 2625 923 2690 lilios
935 2643 1015 2688 suos.
1064 2625 1111 2688 Ex
1131 2625 1238 2704 quibus
1254 2680 1263 2698 ,

169 2714 281 2776 Zetbus
301 2715 470 2776 existimaus
492 2711 644 2788 lngitinrm
672 2730 732 2776 nou
759 2713 902 2792 recepit.“
950 2714 1049 2774 Miror
1068 2711 1240 2775 criticorum

153 2800 383 2879 negligentiam
406 2798 455 2862 nel
475 2798 699 2873 abstinentium,
720 2798 770 2880 pui
791 2807 918 2878 tangere
937 2797 1012 2858 buno
1033 2797 1128 2880 locum
1151 2793 1240 2858 obliti
1265 2837 1274 2858 ,-

171 2895 247 2948 susc
290 2885 352 2948 Neo
375 2895 470 2948 tamen
490 2899 546 2961 ego
568 2883 726 2965 quidquem
748 2894 837 2958 muto,
859 2901 1034 2970 quumppsm
1056 2883 1165 2944 diotnm
1178 2897 1254 2965 usu,

169 2970 281 3046 lsud03
307 2971 365 3033 boe
387 2971 481 3032 solum
502 2984 618 3044 moneo,
645 2979 678 3032 nt
705 2969 774 3031 aliis
796 2971 895 3052 poesis
915 2971 958 3031 sio
977 2965 1137 3050 Propertio
1164 2967 1241 3030 talis
1272 2981 1276 2989 ·

169 3057 317 3121 interdum
346 3056 499 3131 excidere,
526 3073 581 3118 nec
603 3065 704 3118 nostro
734 3055 815 3139 quod
839 3073 876 3117 ne
898 3072 1005 3134 magno
1037 3055 1157 3160 puidam
1176 3050 1240 3114 llo·

170 3161 254 3207 suero
272 3145 443 3222 contigisse,
471 3150 502 3205 ut
522 3159 669 3223 uunquam
691 3140 866 3204 dormitasse
885 3141 1046 3207 uideretur.
1084 3140 1239 3202 'Ceterum
1277 3146 1286 3163 ”
1361 3180 1366 3188 -

170 3229 272 3315 spirius
293 3231 463 3312 Amphionis
489 3228 640 3308 ingenium
668 3228 766 3293 etiarn
784 3247 805 3291 s
825 3225 1025 3308 sculptoribus
1046 3223 1140 3288 Tauri
1162 3225 1240 3286 Far·
1278 3254 1308 3313 r·

172 3316 288 3379 nesiuni
310 3315 453 3389 indicari,
476 3313 506 3377 in
529 3331 587 3396 quo
610 3313 701 3376 Dirce
718 3333 738 3375 s
758 3313 877 3377 Zetho
899 3313 1080 3392 subligsnn,
1108 3310 1146 3374 ab
1168 3311 1240 3374 Aur-

171 3403 282 3484 pbiooe
298 3401 415 3465 Tsnrus
436 3399 532 3462 solum
555 3399 689 3463 dometur
710 3411 799 3481 utque
821 3418 873 3463 ore
893 3402 1088 3472 contineatur,
1110 3398 1182 3458 scite
1205 3395 1240 3462 G.
1370 3434 1379 3449 ι

173 3491 210 3553 0.
239 3489 404 3551 Muellerus
435 3489 573 3576 obseurat
596 3489 728 3550 bionum.
755 3487 837 3548 Artis
859 3487 975 3566 Antiqu.
1007 3485 1044 3548 Τ.
1065 3483 1090 3546 Ι.
1113 3483 1185 3544 isso.
1208 3485 1242 3546 4.

174 3574 252 3640 st.
265 3579 317 3637 47.
337 3575 388 3653 ing.
403 3577 476 3637 uls.
520 3572 564 3660 Gi.
578 3583 738 3656 praetores
752 3589 829 3662 quse
842 3571 880 3634 de
898 3570 1024 3634 dirersis
1039 3569 1162 3632 menime
1177 3568 1242 3632 ire·

157 3671 249 3723 trum
272 3661 390 3722 illorum
413 3659 518 3722 studiis
541 3677 578 3723 ex
598 3659 691 3721 uariis
711 3659 883 3722 auctoribus
901 3657 1069 3722 testimonis
1090 3655 1243 3735 congessit

172 3747 286 3828 Unger.
307 3745 441 3809 Tbebso.
463 3742 614 3807 Paradox.
635 3763 665 3826 p.
688 3747 740 3807 86.
754 3748 806 3808 87.
1262 3792 1276 3819 ,

275 3851 303 3896 s.
326 3835 407 3896 31:-
425 3835 477 3894 35.
499 3831 611 3894 Locnm
632 3849 652 3893 s
672 3831 784 3894 criticis
806 3829 889 3891 narie
909 3835 1063 3904 reustum,
1090 3825 1129 3890 ab
1148 3827 1243 3890 ister-

169 3923 306 4008 prolibus
333 3937 405 3982 sero
435 3919 521 3998 peius
541 3920 628 3980 etism
651 3917 779 3981 habitum
802 3915 954 3978 lenissime
974 3933 1058 3992 curs,
1087 3915 1242 3996 interpun-
1305 3996 1310 4006 .

171 4013 281 4086 ctione,
304 4006 535 4089 perceperimus.
577 4004 629 4067 Sic
650 4003 727 4066 eninr
749 4003 821 4080 olim
842 4001 1017 4083 legebatur:

267 4223 271 4230 .
341 4121 927 4244 “welssbltbssiit‘tls‘
942 4127 1038 4188 ”⁸⁰““’
1088 4143 1096 4164 '

344 4259 436 4310 Idtors
454 4259 478 4310 si
494 4258 575 4308 incito
595 4259 697 4310 sonitus
713 4259 829 4310 rarescit
847 4229 960 4311 armies

378 4328 423 4378 Sic
439 4326 510 4378 rodit
527 4323 624 4388 lentisco
641 4327 719 4396 lapso
737 4327 827 4394 pesile
841 4341 918 4394 penu.

345 4395 414 4449 Seru
431 4401 518 4485 tomes
534 4395 631 4461 pietus.
