2910 4930
218 281 273 364 96
311 315 315 330 ·
542 273 805 348 commemorns
824 271 861 346 itt
878 269 976 364 Prop.

258 447 354 508 nmo
369 463 431 506 nu
445 449 489 504 nu
503 446 611 504 auru·
629 445 744 516 muru,
768 446 833 502 nu
847 445 928 513 usur
943 445 1057 500 suoru
1073 443 1238 516 mauro,
1370 500 1377 522 ι
1425 425 1426 438 '

222 515 225 522 '
249 549 254 562 ·
293 521 437 588 Pldirdiper
456 517 548 572 orceo
564 533 627 571 zum
643 519 725 584 Kriep
740 533 801 572 corr
818 531 846 570 er
863 517 921 570 dem
938 509 1063 569 mmsis
1078 515 1169 575 selbot.

222 607 337 688 Quodsi
358 605 482 672 eundem
502 605 570 669 lere
589 605 766 670 sententium
786 604 866 668 ellici
886 621 975 686 posse
994 605 1154 692 existimes,
1175 605 1203 668 si
1223 622 1290 671 sen·-

221 706 292 760 suto
313 693 492 756 nominativo
521 691 711 766 Priamus,
738 691 776 754 ub
804 707 877 756 noce
898 707 1016 754 oense
1037 709 1142 767 norum
1163 692 1290 774 incipies

222 781 466 852 enuntiationem,
497 793 605 842 uereor
632 785 730 842 tumen
764 793 804 842 ne
826 775 907 840 undu
937 775 994 840 illc
1026 779 1160 848 accessio
1194 797 1290 860 ecque

222 857 408 938 ἅσυνὸέτως
429 861 532 928 nddits
546 881 729 944 mugnopere
750 861 871 942 dulgent.
913 861 1037 926 Scilicet
1058 873 1088 926 et
1108 882 1205 945 nepus
1218 875 1291 945 p'nr·

221 953 294 1018 dun
322 951 491 1014 distributio
519 949 597 1012 mole
626 951 761 1014 turbetur
788 958 818 1013 et
851 947 993 1012 bellurn
1029 959 1098 1032 post
1134 962 1290 1016 mortem

220 1037 366 1102 Pricmi
389 1046 418 1102 et
435 1036 614 1112 Achillis,
635 1035 950 1104 communissententio
964 1045 1035 1118 post
1053 1035 1213 1120 speciolem
1234 1055 1293 1122 po·

175 1125 178 1138 ¹
222 1125 282 1190 tito
302 1132 394 1197 esset,
415 1121 545 1186 debilior
568 1131 638 1204 post
658 1123 825 1184 fortiorem.

323 1227 352 1273 r.
371 1212 425 1274 tl.
447 1209 544 1292 Vulgo
567 1209 645 1272 etin
667 1209 754 1271 bunis
775 1209 862 1272 libris
880 1209 919 1274 in
938 1215 1041 1283 unte.
1069 1225 1174 1274 errore
1191 1215 1292 1273 umen

220 1295 388 1359 manifesto.
437 1295 512 1359 Num
540 1293 702 1357 obsoletior
725 1303 755 1358 et
783 1311 878 1376 poene
899 1295 1039 1359 rusticum
1059 1294 1294 1378 praepositionis

219 1383 361 1458 leronem,
388 1397 466 1462 quus
492 1381 523 1444 in
544 1379 699 1460 uulgarem
726 1379 867 1444 ltnlorom
894 1399 1056 1452 sermonem
1080 1393 1149 1464 post
1169 1381 1294 1445 soeculo
1426 1426 1427 1452 ,

221 1469 340 1534 transiit
362 1465 600 1546 (irruentium
621 1467 787 1530 Gronovius
811 1467 913 1542 (Obss.
932 1467 957 1542 1,
979 1469 1029 1532 lb.
1050 1485 1079 1548 p.
1102 1470 1154 1532 98.
1176 1467 1293 1542 Pluto.)
1426 1467 1427 1476 ³

220 1555 327 1618 merito
357 1553 454 1616 eiecit.
503 1553 710 1616 Lseburunnns
736 1563 834 1616 temen
863 1554 1010 1620 sententio
1029 1561 1140 1618 mntutn
1163 1553 1293 1618 reduce·
1426 1593 1427 1614 2

88 1661 92 1670 ’
220 1641 288 1706 bot:
322 1639 378 1704 llio
410 1639 558 1702 dotninum
590 1641 763 1721 exemplo
790 1649 883 1722 pontt
908 1641 946 1703 in
975 1639 1084 1704 ANTE
1113 1657 1223 1716 meum,
1259 1647 1294 1704 nt
1426 1633 1427 1684 ἶ

222 1736 310 1791 onte
341 1727 380 1790 sit
409 1734 539 1801 cotes,
568 1725 607 1788 in
636 1744 708 1790 nero
729 1743 786 1807 per
814 1713 1027 1810 ἀναστροφὴν
1048 1725 1087 1788 nd
1117 1726 1293 1806 exemplo

220 1811 380 1898 pertineat.
429 1812 596 1876 Durissinrn
622 1813 717 1886 ustio,
751 1820 782 1874 et
812 1821 911 1891 quom¹
928 1809 1091 1892 exemplum
1118 1829 1157 1874 ex
1183 1811 1295 1877 Ouidio

220 1899 387 1983 prolatum:
414 1897 576 1976 „Argolico
605 1897 683 1980 qnod
713 1897 750 1960 in
779 1907 847 1960 ente
875 1896 1100 1961 Phoronide
1119 1898 1209 1962 lecit“
1237 1899 1296 1961 mi-

220 1987 299 2050 nime
321 1981 449 2046 andreia
471 1985 647 2064 assequitur.
696 1984 851 2048 Nec—nero
873 1982 1024 2065 Propertii
1052 2001 1149 2046 sermo
1171 1983 1297 2048 Ouidio·

221 2090 280 2136 nae
303 2071 432 2133 leuitatis
452 2087 557 2132 norrun
579 2069 753 2148 exigendus.
794 2069 932 2144 lacobus,
952 2067 1032 2150 quod
1047 2070 1173 2146 mireris,
1193 2071 1297 2134 Ltclt·

221 2157 321 2220 menni
347 2157 487 2218 iniurium
515 2156 725 2218 troitus-tulit.
773 2152 821 2216 Tu
847 2171 919 2218 sero
941 2173 979 2217 ne
1008 2153 1111 2218 dubito
1129 2173 1296 2240 reponeret

220 2243 259 2307 in
281 2251 384 2318 orte3
401 2242 421 2304 i.
442 2259 468 2304 e.
492 2239 560 2302 dum
581 2249 674 2304 ortem
696 2249 826 2304 exercet.
869 2241 921 2305 Sic
938 2241 990 2316 ΙΙΙ,
1011 2245 1042 2316 b,
1064 2245 1111 2306 o:

360 2339 481 2406 Corpora
499 2339 639 2406 disponens
656 2347 763 2391 merrtem
780 2353 834 2392 curt
851 2339 916 2392 uidit
932 2340 967 2392 ist
984 2346 1070 2394 orte.

221 2425 283 2490 Pro
306 2426 478 2506 exemplo
502 2435 598 2490 cuturn
620 2427 657 2490 N.
674 2427 813 2490 lleinsins
834 2428 929 2493 noluit
948 2426 1171 2510 exemplum
1195 2433 1226 2491 et
1243 2441 1298 2491 re-

222 2531 296 2576 rers
317 2513 370 2575 ille
393 2512 587 2594 oppositionis
608 2533 679 2576 usus
701 2513 800 2577 dctluo
821 2515 1016 2596 frequentior.
1060 2515 1243 2596 Quemquam
1268 2519 1299 2576 et
1427 2513 1428 2562 l

222 2598 398 2679 Propertius
424 2609 551 2678 utroque
580 2617 692 2680 genere
718 2603 811 2664 utitur
834 2601 887 2677 (cl.
915 2601 952 2676 ΙΙ,
974 2601 1025 2677 15,
1052 2605 1104 2664 27.
1135 2609 1165 2663 et
1189 2599 1240 2674 tv,
1265 2603 1296 2679 l,
1427 2601 1428 2622 Ι

225 2687 317 2764 109.)
340 2695 369 2748 et
390 2685 454 2747 ulli.
484 2685 547 2749 Gic.
573 2687 610 2750 L.
632 2689 705 2768 Agr.
734 2691 801 2752 22:
844 2687 961 2750 llobett
987 2687 1150 2768 meipsum
1176 2685 1298 2748 docn-

178 2849 181 2859 .
224 2780 358 2834 mento.
388 2771 463 2833 Tse.
484 2775 560 2835 Ann.
579 2772 645 2848 XV,
667 2777 735 2838 22:
753 2772 851 2837 Multo
871 2773 1013 2836 Romanis
1035 2771 1174 2848 secundo,
1201 2788 1299 2854 queo
1427 2771 1428 2822 Ὗ

224 2856 294 2922 duos
313 2857 432 2920 Pnrtlris
455 2859 598 2934 euenisse,
619 2858 846 2932 documento
866 2860 1008 2924 moerens
1029 2859 1209 2942 superbiunt.

209 3008 214 3016 ,
326 2961 354 3007 r.
370 2947 464 3024 disq.
486 2944 532 3008 De
546 2946 649 3024 liguris
660 2947 830 3022 rhetoricis,
844 2965 920 3028 quse
930 2947 976 3010 bit
990 2949 1124 3009 uersibus
1139 2951 1302 3026 apparent,

224 3037 254 3110 et
283 3027 320 3091 de
345 3038 456 3092 mutate
482 3045 622 3096 occentus
649 3033 723 3097 sede
751 3033 928 3096 coniunctim
955 3033 1069 3110 egimus
1092 3033 1128 3108 Q.
1149 3033 1182 3094 P.
1205 3031 1242 3104 ΙΙ,
1265 3035 1300 3094 6.

224 3133 250 3178 s.
271 3115 322 3179 tv.
344 3134 373 3198 p.
398 3119 470 3180 ΙΙΙ.
485 3135 550 3198 sqq.
601 3119 668 3196 eru
689 3129 786 3182 nutem
806 3137 910 3182 sensns
930 3117 1035 3181 decimi
1058 3118 1209 3180 nouissimi
1226 3135 1302 3196 per·

224 3202 336 3266 tineent
363 3219 459 3282 quote
488 3215 664 3284 argumento
692 3205 931 3286 comptioribus
953 3205 1170 3281 contineantur,
1200 3203 1301 3286 expli·

224 3297 320 3351 cotum
341 3289 473 3351 inuenies
491 3289 565 3352 ibid.
588 3291 624 3365 ΙΙ,
644 3293 676 3356 b.
698 3309 748 3371 pp.
763 3294 815 3354 86.
839 3293 911 3354 103.

125 3403 135 3413 ·
328 3390 356 3438 r.
378 3377 432 3438 45.
459 3384 538 3450 ent,
564 3375 644 3456 quod
667 3379 769 3458 optimi
790 3377 860 3438 libri
880 3381 1007 3450 tuentur,
1034 3372 1109 3437 lerri
1129 3390 1187 3435 non
1206 3389 1301 3455 posto

223 3459 337 3541 primns
368 3460 572 3524 Lucbmunnus
601 3463 702 3524 sensit.
750 3463 825 3526 Nom
856 3471 977 3543 prseter
996 3460 1151 3542 periodum
1170 3461 1301 3522 minutu-

224 3545 277 3610 tin
302 3547 450 3608 concisum
480 3556 509 3609 et
530 3546 657 3610 distorte
678 3547 770 3612 ueluti
792 3549 938 3610 cretionis
959 3546 1099 3621 membre,
1128 3561 1225 3608 nonne
1249 3545 1302 3606 in-

224 3631 367 3694 sanientis
389 3641 443 3707 est,
463 3634 587 3712 primum
601 3650 691 3696 orare
703 3633 787 3712 deos,
806 3643 839 3698 nt
858 3635 904 3698 bis
922 3632 1184 3696 mediocribus
1210 3632 1302 3692 dnm-

223 3718 278 3780 miu
296 3719 343 3780 nri
363 3735 397 3780 te
418 3719 579 3800 patientur,
601 3719 709 3782 deiude
738 3721 764 3782 si
793 3719 865 3802 qnid
885 3739 918 3783 oe
939 3719 1058 3781 inuito
1080 3727 1184 3781 contro
1207 3735 1302 3780 ere-

221 3802 347 3882 nerit,
376 3799 554 3866 curiones
579 3805 638 3868 sibi
658 3807 843 3888 imprecari?
895 3803 974 3884 Quid
1003 3805 1079 3866 eninr
1106 3803 1158 3885 qui
1184 3803 1228 3866 itu
1250 3803 1302 3864 in·

148 3885 163 3902 '
221 3895 425 3971 terpretuntur
450 3887 599 3966 dicerent,
627 3893 653 3956 si
673 3903 764 3973 poeto
786 3894 891 3956 recisis
921 3891 1098 3970 ambagibus
1123 3891 1196 3952 boec
1217 3887 1302 3952 unde

222 3975 1302 4144 ἓΐιιεῌῐξίῃιῖἓιιιῑὲἰὶῗὲτίἷῖΙΝθςτῗνίξιξῐοῖἱἱεῇἶιῃείξιῐίωᾳυᾚοὲῗιῑῐῗιὲιρὲῒ

301 4105 309 4120 ·
586 4111 596 4140 o
952 4110 961 4140 s
1286 4091 1303 4108 “

180 4219 182 4222 ,
221 4147 269 4210 tui
296 4145 354 4209 lnoc
378 4145 482 4224 luerit,
519 4165 578 4212 non
604 4160 722 4230 poetae.
773 4151 878 4230 ltsqne
905 4149 1027 4213 Lscbnr.
1057 4147 1096 4210 nd
1123 4146 1302 4210 sententium

222 4232 362 4318 optinlee.
377 4231 540 4312 bei,·„sed
570 4236 691 4318 nebus,
719 4235 801 4322 quod
822 4236 926 4302 Pnccii
945 4235 1089 4302 librarius
1115 4231 1214 4313 dedit,
1241 4231 1305 4301 ob.
