<?xml version="1.0" encoding="UTF-8"?>
<!DOCTYPE html PUBLIC "-//W3C//DTD XHTML 1.0 Transitional//EN"
    "http://www.w3.org/TR/xhtml1/DTD/xhtml1-transitional.dtd">
<html xmlns="http://www.w3.org/1999/xhtml" xml:lang="en" lang="en">
 <head>
  <title>
</title>
<meta http-equiv="Content-Type" content="text/html;charset=utf-8" />
  <meta name='ocr-system' content='tesseract 3.04.00' />
  <meta name='ocr-capabilities' content='ocr_page ocr_carea ocr_par ocr_line ocrx_word'/>
</head>
<body>
  <div class='ocr_page' id='page_1' title='image "./sexaureliiprope03propgoog_0046.png"; bbox 0 0 2870 4922; ppageno 0'>
   <div class='ocr_carea' id='block_1_1' title="bbox 249 343 1005 440">
    <p class='ocr_par' dir='ltr' id='par_1_1' title="bbox 249 343 1005 440">
     <span class='ocr_line' id='line_1_1' title="bbox 249 343 1005 440; baseline 0.008 -26"><span class='ocrx_word' id='word_1_1' title='bbox 249 345 304 427; x_wconf 78' lang='grc'><strong>86</strong></span> <span class='ocrx_word' id='word_1_2' title='bbox 573 343 835 416; x_wconf 73' lang='lat' dir='ltr'><strong>Commentarius</strong></span> <span class='ocrx_word' id='word_1_3' title='bbox 854 347 890 416; x_wconf 91' lang='lat' dir='ltr'><strong>in</strong></span> <span class='ocrx_word' id='word_1_4' title='bbox 909 345 1005 440; x_wconf 89' lang='lat' dir='ltr'><strong>Prop.</strong></span> 
     </span>
    </p>
   </div>
   <div class='ocr_carea' id='block_1_2' title="bbox 240 517 1327 1188">
    <p class='ocr_par' dir='ltr' id='par_1_2' title="bbox 254 517 1325 948">
     <span class='ocr_line' id='line_1_2' title="bbox 254 517 1325 602; baseline 0.006 -16"><span class='ocrx_word' id='word_1_5' title='bbox 254 517 398 588; x_wconf 83' lang='lat' dir='ltr'><strong>carmina.</strong></span> <span class='ocrx_word' id='word_1_6' title='bbox 440 517 554 593; x_wconf 82' lang='lat' dir='ltr'>Miror,</span> <span class='ocrx_word' id='word_1_7' title='bbox 579 517 628 582; x_wconf 84' lang='lat' dir='ltr'><strong>sel</strong></span> <span class='ocrx_word' id='word_1_8' title='bbox 652 519 777 602; x_wconf 83' lang='lat' dir='ltr'><strong>optimos</strong></span> <span class='ocrx_word' id='word_1_9' title='bbox 805 521 956 600; x_wconf 84' lang='lat' dir='ltr'><strong>uirosbic</strong></span> <span class='ocrx_word' id='word_1_10' title='bbox 977 521 1054 588; x_wconf 88' lang='lat' dir='ltr'><strong>adeo</strong></span> <span class='ocrx_word' id='word_1_11' title='bbox 1075 525 1266 602; x_wconf 86' lang='lat' dir='ltr'><strong>caecutitsse,</strong></span> <span class='ocrx_word' id='word_1_12' title='bbox 1292 533 1325 592; x_wconf 91' lang='lat' dir='ltr'><strong>ut</strong></span> 
     </span>
     <span class='ocr_line' id='line_1_3' title="bbox 255 600 1325 694; baseline 0 -20"><span class='ocrx_word' id='word_1_13' title='bbox 255 607 359 674; x_wconf 89' lang='lat' dir='ltr'><strong>nescio</strong></span> <span class='ocrx_word' id='word_1_14' title='bbox 387 603 457 685; x_wconf 89' lang='lat' dir='ltr'><strong>qnid</strong></span> <span class='ocrx_word' id='word_1_15' title='bbox 486 603 523 667; x_wconf 87' lang='lat' dir='ltr'><strong>de</strong></span> <span class='ocrx_word' id='word_1_16' title='bbox 550 600 696 668; x_wconf 77' lang='lat' dir='ltr'><strong>facilitate</strong></span> <span class='ocrx_word' id='word_1_17' title='bbox 724 607 853 672; x_wconf 83' lang='lat' dir='ltr'><strong>ancillae</strong></span> <span class='ocrx_word' id='word_1_18' title='bbox 879 611 1073 688; x_wconf 75' lang='lat' dir='ltr'><strong>somniarent,</strong></span> <span class='ocrx_word' id='word_1_19' title='bbox 1107 613 1216 690; x_wconf 87' lang='lat' dir='ltr'><strong>credo,</strong></span> <span class='ocrx_word' id='word_1_20' title='bbox 1243 613 1325 694; x_wconf 87' lang='lat' dir='ltr'><strong>quod</strong></span> 
     </span>
     <span class='ocr_line' id='line_1_4' title="bbox 256 691 1325 772; baseline 0.001 -14"><span class='ocrx_word' id='word_1_21' title='bbox 256 711 318 759; x_wconf 90' lang='lat' dir='ltr'><strong>mou</strong></span> <span class='ocrx_word' id='word_1_22' title='bbox 339 691 522 754; x_wconf 79' lang='lat' dir='ltr'><strong>meminerint</strong></span> <span class='ocrx_word' id='word_1_23' title='bbox 550 692 715 772; x_wconf 88' lang='lat' dir='ltr'><strong>imperiecti</strong></span> <span class='ocrx_word' id='word_1_24' title='bbox 736 695 948 758; x_wconf 71' lang='lat' dir='ltr'><strong>coniunctionum</strong></span> <span class='ocrx_word' id='word_1_25' title='bbox 974 697 1006 759; x_wconf 90' lang='lat' dir='ltr'><strong>in</strong></span> <span class='ocrx_word' id='word_1_26' title='bbox 1035 699 1194 762; x_wconf 87' lang='lat' dir='ltr'><strong>enuntiatis</strong></span> <span class='ocrx_word' id='word_1_27' title='bbox 1221 699 1325 761; x_wconf 91' lang='lat' dir='ltr'><strong>condi-</strong></span> 
     </span>
     <span class='ocr_line' id='line_1_5' title="bbox 256 779 1324 864; baseline 0.003 -19"><span class='ocrx_word' id='word_1_28' title='bbox 256 779 418 846; x_wconf 87' lang='lat' dir='ltr'><strong>tionalibus</strong></span> <span class='ocrx_word' id='word_1_29' title='bbox 439 795 529 858; x_wconf 88' lang='lat' dir='ltr'><strong>saepe</strong></span> <span class='ocrx_word' id='word_1_30' title='bbox 550 779 638 858; x_wconf 90' lang='lat' dir='ltr'><strong>poni,</strong></span> <span class='ocrx_word' id='word_1_31' title='bbox 658 779 709 838; x_wconf 88' lang='lat' dir='ltr'><strong>ubi</strong></span> <span class='ocrx_word' id='word_1_32' title='bbox 728 779 915 859; x_wconf 77' lang='lat' dir='ltr'><strong>praesentem</strong></span> <span class='ocrx_word' id='word_1_33' title='bbox 937 793 1084 864; x_wconf 81' lang='lat' dir='ltr'><strong>expectes.</strong></span> <span class='ocrx_word' id='word_1_34' title='bbox 1127 785 1194 864; x_wconf 79' lang='lat' dir='ltr'><strong>Quo</strong></span> <span class='ocrx_word' id='word_1_35' title='bbox 1209 782 1247 849; x_wconf 90' lang='lat' dir='ltr'><strong>de</strong></span> <span class='ocrx_word' id='word_1_36' title='bbox 1268 803 1324 848; x_wconf 83' lang='lat' dir='ltr'><strong>usu</strong></span> 
     </span>
     <span class='ocr_line' id='line_1_6' title="bbox 257 861 1015 948; baseline 0.001 -17"><span class='ocrx_word' id='word_1_37' title='bbox 257 867 299 932; x_wconf 89' lang='lat' dir='ltr'><strong>cl.</strong></span> <span class='ocrx_word' id='word_1_38' title='bbox 322 867 455 942; x_wconf 81' lang='lat' dir='ltr'><strong>Krttger.</strong></span> <span class='ocrx_word' id='word_1_39' title='bbox 469 861 600 926; x_wconf 63' lang='lat' dir='ltr'><strong>crta.</strong></span> <span class='ocrx_word' id='word_1_40' title='bbox 623 863 651 948; x_wconf 64' lang='grc' dir='ltr'><strong>ξ.</strong></span> <span class='ocrx_word' id='word_1_41' title='bbox 674 863 764 927; x_wconf 56' lang='grc'><strong>6392.</strong></span> <span class='ocrx_word' id='word_1_42' title='bbox 787 883 816 927; x_wconf 94' lang='grc' dir='ltr'><strong>ιι.</strong></span> <span class='ocrx_word' id='word_1_43' title='bbox 839 871 867 930; x_wconf 92' lang='lat' dir='ltr'><strong>l.</strong></span> <span class='ocrx_word' id='word_1_44' title='bbox 888 886 918 948; x_wconf 91' lang='lat' dir='ltr'><strong>p.</strong></span> <span class='ocrx_word' id='word_1_45' title='bbox 941 871 1015 948; x_wconf 72' lang='lat' dir='ltr'><strong>bil.</strong></span> 
     </span>
    </p>

    <p class='ocr_par' dir='ltr' id='par_1_3' title="bbox 240 949 1327 1188">
     <span class='ocr_line' id='line_1_7' title="bbox 357 949 1325 1035; baseline 0.004 -20"><span class='ocrx_word' id='word_1_46' title='bbox 357 952 452 1015; x_wconf 82' lang='lat' dir='ltr'><strong>x.18.</strong></span> <span class='ocrx_word' id='word_1_47' title='bbox 490 949 566 1031; x_wconf 77' lang='lat' dir='ltr'><strong>Apte</strong></span> <span class='ocrx_word' id='word_1_48' title='bbox 580 949 697 1012; x_wconf 88' lang='lat' dir='ltr'><strong>lucobs.</strong></span> <span class='ocrx_word' id='word_1_49' title='bbox 719 953 1043 1032; x_wconf 89' lang='lat' dir='ltr'><strong>comparuthilodem.</strong></span> <span class='ocrx_word' id='word_1_50' title='bbox 1066 969 1114 1035; x_wconf 92' lang='lat' dir='ltr'><strong>ep.</strong></span> <span class='ocrx_word' id='word_1_51' title='bbox 1128 953 1195 1020; x_wconf 84' lang='lat' dir='ltr'><strong>XV.</strong></span> <span class='ocrx_word' id='word_1_52' title='bbox 1221 951 1325 1034; x_wconf 73' lang='lat' dir='ltr'><strong>(aab.</strong></span> 
     </span>
     <span class='ocr_line' id='line_1_8' title="bbox 240 1025 1327 1188; baseline 0.003 -88"><span class='ocrx_word' id='word_1_53' title='bbox 240 1040 307 1132; x_wconf 64' lang='lat' dir='ltr'><strong>JG&#39;·</strong></span> <span class='ocrx_word' id='word_1_54' title='bbox 328 1037 368 1101; x_wconf 90' lang='lat' dir='ltr'><strong>tl.</strong></span> <span class='ocrx_word' id='word_1_55' title='bbox 390 1037 494 1136; x_wconf 51' lang='lat' dir='ltr'><strong>pssu·</strong></span> <span class='ocrx_word' id='word_1_56' title='bbox 512 1035 611 1134; x_wconf 52' lang='lat' dir='ltr'><strong>duali:</strong></span> <span class='ocrx_word' id='word_1_57' title='bbox 631 1037 683 1098; x_wconf 89' lang='lat' dir='ltr'><strong>Br.</strong></span> <span class='ocrx_word' id='word_1_58' title='bbox 705 1037 743 1099; x_wconf 94' lang='grc' dir='ltr'><strong>ΙΙ.</strong></span> <span class='ocrx_word' id='word_1_59' title='bbox 773 1055 802 1118; x_wconf 95' lang='lat' dir='ltr'><strong>p.</strong></span> <span class='ocrx_word' id='word_1_60' title='bbox 824 1041 892 1112; x_wconf 86' lang='grc'><strong>87.)</strong></span> <span class='ocrx_word' id='word_1_61' title='bbox 933 1029 1019 1106; x_wconf 79' lang='grc' dir='ltr'><strong>Ἀλλ’</strong></span> <span class='ocrx_word' id='word_1_62' title='bbox 1041 1025 1206 1188; x_wconf 69' lang='lat' dir='ltr'><strong>&#39;&#39;p&#39;dp-mip</strong></span> <span class='ocrx_word' id='word_1_63' title='bbox 1227 1039 1327 1188; x_wconf 71' lang='lat' dir='ltr'><strong>adpa-</strong></span> 
     </span>
    </p>
   </div>
   <div class='ocr_carea' id='block_1_3' title="bbox 227 1117 1327 1294">
    <p class='ocr_par' dir='ltr' id='par_1_4' title="bbox 227 1117 1327 1294">
     <span class='ocr_line' id='line_1_9' title="bbox 253 1117 1327 1209; baseline 0.017 -37"><span class='ocrx_word' id='word_1_64' title='bbox 253 1117 721 1206; x_wconf 59' lang='lat' dir='ltr'><strong>wp.gyxpvtpi0v-psoywpev</strong></span> <span class='ocrx_word' id='word_1_65' title='bbox 742 1117 1068 1208; x_wconf 76' lang='grc' dir='ltr'><strong>δυσέρωτες-μάντις</strong></span> <span class='ocrx_word' id='word_1_66' title='bbox 1106 1119 1149 1206; x_wconf 74' lang='lat' dir='ltr'><strong>ys?</strong></span> <span class='ocrx_word' id='word_1_67' title='bbox 1178 1121 1263 1209; x_wconf 79' lang='grc' dir='ltr'><em>μεγά</em></span> <span class='ocrx_word' id='word_1_68' title='bbox 1286 1145 1327 1209; x_wconf 83' lang='grc' dir='ltr'><strong>ης</strong></span> 
     </span>
     <span class='ocr_line' id='line_1_10' title="bbox 227 1197 1324 1294; baseline 0.001 -19"><span class='ocrx_word' id='word_1_69' title='bbox 227 1245 229 1252; x_wconf 41' lang='grc' dir='ltr'><strong>ι</strong></span> <span class='ocrx_word' id='word_1_70' title='bbox 254 1202 375 1276; x_wconf 78' lang='grc' dir='ltr'><strong><em>αὐτίκα</em></strong></span> <span class='ocrx_word' id='word_1_71' title='bbox 396 1197 570 1290; x_wconf 76' lang='grc' dir='ltr'><strong>πυρκαΐης.</strong></span> <span class='ocrx_word' id='word_1_72' title='bbox 591 1205 658 1268; x_wconf 89' lang='lat' dir='ltr'><strong>add.</strong></span> <span class='ocrx_word' id='word_1_73' title='bbox 680 1207 813 1288; x_wconf 85' lang='lat' dir='ltr'><strong>Meleag.</strong></span> <span class='ocrx_word' id='word_1_74' title='bbox 831 1227 879 1290; x_wconf 91' lang='lat' dir='ltr'><strong>ep.</strong></span> <span class='ocrx_word' id='word_1_75' title='bbox 899 1210 962 1274; x_wconf 89' lang='lat' dir='ltr'><strong>LV.</strong></span> <span class='ocrx_word' id='word_1_76' title='bbox 983 1209 1081 1274; x_wconf 79' lang='lat' dir='ltr'><strong>Anall.</strong></span> <span class='ocrx_word' id='word_1_77' title='bbox 1101 1211 1153 1274; x_wconf 86' lang='lat' dir='ltr'><strong>ltr.</strong></span> <span class='ocrx_word' id='word_1_78' title='bbox 1175 1211 1199 1274; x_wconf 94' lang='lat' dir='ltr'><strong>l.</strong></span> <span class='ocrx_word' id='word_1_79' title='bbox 1221 1231 1251 1294; x_wconf 90' lang='lat' dir='ltr'><strong>p.</strong></span> <span class='ocrx_word' id='word_1_80' title='bbox 1273 1217 1324 1276; x_wconf 88' lang='grc'><strong>17.</strong></span> 
     </span>
    </p>
   </div>
   <div class='ocr_carea' id='block_1_4' title="bbox 252 1287 1427 1464">
    <p class='ocr_par' dir='ltr' id='par_1_5' title="bbox 252 1287 1427 1464">
     <span class='ocr_line' id='line_1_11' title="bbox 254 1287 1427 1381; baseline -0.003 -21"><span class='ocrx_word' id='word_1_81' title='bbox 254 1297 344 1360; x_wconf 78' lang='grc' dir='ltr'><strong>ΑιιῑΙι.</strong></span> <span class='ocrx_word' id='word_1_82' title='bbox 367 1292 418 1356; x_wconf 81' lang='lat' dir='ltr'><strong>Gr.</strong></span> <span class='ocrx_word' id='word_1_83' title='bbox 440 1291 515 1354; x_wconf 85' lang='lat' dir='ltr'><strong>ibid.</strong></span> <span class='ocrx_word' id='word_1_84' title='bbox 535 1311 565 1373; x_wconf 90' lang='lat' dir='ltr'><strong>p.</strong></span> <span class='ocrx_word' id='word_1_85' title='bbox 590 1295 640 1354; x_wconf 78' lang='lat'><strong>18.</strong></span> <span class='ocrx_word' id='word_1_86' title='bbox 661 1288 875 1378; x_wconf 73' lang='grc' dir='ltr'><strong>μὴ-κινήσῃς</strong></span> <span class='ocrx_word' id='word_1_87' title='bbox 896 1291 1003 1381; x_wconf 78' lang='grc' dir='ltr'><strong><em>τέφρῃ</em></strong></span> <span class='ocrx_word' id='word_1_88' title='bbox 1030 1293 1099 1380; x_wconf 81' lang='grc' dir='ltr'><strong>πῦρ</strong></span> <span class='ocrx_word' id='word_1_89' title='bbox 1120 1287 1327 1360; x_wconf 60' lang='lat' dir='ltr'><strong>inaestuas</strong></span> <span class='ocrx_word' id='word_1_90' title='bbox 1426 1319 1427 1336; x_wconf 55' lang='grc' dir='ltr'><strong>ι</strong></span> 
     </span>
     <span class='ocr_line' id='line_1_12' title="bbox 252 1371 1427 1464; baseline -0.008 -17"><span class='ocrx_word' id='word_1_91' title='bbox 252 1401 362 1464; x_wconf 79' lang='grc' dir='ltr'><strong>μενον.</strong></span> <span class='ocrx_word' id='word_1_92' title='bbox 383 1376 460 1442; x_wconf 79' lang='grc' dir='ltr'><strong>ΑιΙιΙ.</strong></span> <span class='ocrx_word' id='word_1_93' title='bbox 484 1378 569 1442; x_wconf 89' lang='lat' dir='ltr'><strong>eund.</strong></span> <span class='ocrx_word' id='word_1_94' title='bbox 591 1395 637 1459; x_wconf 89' lang='lat' dir='ltr'><strong>ep.</strong></span> <span class='ocrx_word' id='word_1_95' title='bbox 659 1379 709 1453; x_wconf 86' lang='lat' dir='ltr'><strong>lV,</strong></span> <span class='ocrx_word' id='word_1_96' title='bbox 731 1383 762 1442; x_wconf 84' lang='grc'><strong>4.</strong></span> <span class='ocrx_word' id='word_1_97' title='bbox 784 1379 901 1444; x_wconf 84' lang='lat' dir='ltr'><strong>Gallim.</strong></span> <span class='ocrx_word' id='word_1_98' title='bbox 913 1381 963 1454; x_wconf 89' lang='lat' dir='ltr'><strong>Vl,</strong></span> <span class='ocrx_word' id='word_1_99' title='bbox 987 1389 1016 1446; x_wconf 89' lang='lat' dir='ltr'><strong>t.</strong></span> <span class='ocrx_word' id='word_1_100' title='bbox 1034 1387 1065 1444; x_wconf 82' lang='lat'><strong>2.</strong></span> <span class='ocrx_word' id='word_1_101' title='bbox 1087 1371 1206 1446; x_wconf 80' lang='lat' dir='ltr'><strong>dds&#39;orc.</strong></span> <span class='ocrx_word' id='word_1_102' title='bbox 1227 1383 1328 1448; x_wconf 88' lang='lat' dir='ltr'><strong>XVII.</strong></span> <span class='ocrx_word' id='word_1_103' title='bbox 1426 1411 1427 1438; x_wconf 85' lang='lat' dir='ltr'><strong>t</strong></span> 
     </span>
    </p>
   </div>
   <div class='ocr_carea' id='block_1_5' title="bbox 138 1461 1330 2580">
    <p class='ocr_par' dir='ltr' id='par_1_6' title="bbox 138 1461 1330 2580">
     <span class='ocr_line' id='line_1_13' title="bbox 359 1461 1326 1549; baseline 0.002 -19"><span class='ocrx_word' id='word_1_104' title='bbox 359 1485 387 1530; x_wconf 82' lang='lat' dir='ltr'><strong>u.</strong></span> <span class='ocrx_word' id='word_1_105' title='bbox 409 1469 461 1527; x_wconf 84' lang='lat'><strong>21.</strong></span> <span class='ocrx_word' id='word_1_106' title='bbox 478 1465 568 1528; x_wconf 88' lang='lat' dir='ltr'><strong>totis</strong></span> <span class='ocrx_word' id='word_1_107' title='bbox 589 1481 645 1546; x_wconf 92' lang='lat' dir='ltr'><strong>pro</strong></span> <span class='ocrx_word' id='word_1_108' title='bbox 664 1465 781 1528; x_wconf 91' lang='lat' dir='ltr'><strong>toties</strong></span> <span class='ocrx_word' id='word_1_109' title='bbox 798 1461 902 1529; x_wconf 86' lang='lat' dir='ltr'><strong>Densa</strong></span> <span class='ocrx_word' id='word_1_110' title='bbox 929 1465 970 1528; x_wconf 91' lang='lat' dir='ltr'><strong>til.</strong></span> <span class='ocrx_word' id='word_1_111' title='bbox 997 1468 1101 1532; x_wconf 83' lang='lat' dir='ltr'><strong>uoluit.</strong></span> <span class='ocrx_word' id='word_1_112' title='bbox 1152 1468 1221 1532; x_wconf 90' lang='lat' dir='ltr'><strong>lure</strong></span> <span class='ocrx_word' id='word_1_113' title='bbox 1250 1487 1326 1549; x_wconf 87' lang='lat' dir='ltr'><strong>que-</strong></span> 
     </span>
     <span class='ocr_line' id='line_1_14' title="bbox 256 1548 1327 1634; baseline -0.001 -17"><span class='ocrx_word' id='word_1_114' title='bbox 256 1553 334 1618; x_wconf 89' lang='lat' dir='ltr'><strong>ritur</strong></span> <span class='ocrx_word' id='word_1_115' title='bbox 367 1551 504 1627; x_wconf 81' lang='lat' dir='ltr'><strong>Lachm,</strong></span> <span class='ocrx_word' id='word_1_116' title='bbox 535 1548 598 1615; x_wconf 82' lang='lat' dir='ltr'><strong>llll.</strong></span> <span class='ocrx_word' id='word_1_117' title='bbox 628 1549 692 1613; x_wconf 84' lang='lat' dir='ltr'><strong>bn.</strong></span> <span class='ocrx_word' id='word_1_118' title='bbox 728 1569 798 1614; x_wconf 89' lang='lat' dir='ltr'><strong>suns</strong></span> <span class='ocrx_word' id='word_1_119' title='bbox 833 1552 999 1634; x_wconf 81' lang='lat' dir='ltr'><strong>elegantias</strong></span> <span class='ocrx_word' id='word_1_120' title='bbox 1028 1555 1187 1634; x_wconf 81' lang='lat' dir='ltr'><strong>Propertio</strong></span> <span class='ocrx_word' id='word_1_121' title='bbox 1221 1554 1327 1616; x_wconf 89' lang='lat' dir='ltr'><strong>obtru-</strong></span> 
     </span>
     <span class='ocr_line' id='line_1_15' title="bbox 255 1635 1327 1722; baseline 0.002 -20"><span class='ocrx_word' id='word_1_122' title='bbox 255 1641 342 1703; x_wconf 86' lang='lat' dir='ltr'><strong>sisse.</strong></span> <span class='ocrx_word' id='word_1_123' title='bbox 386 1637 490 1720; x_wconf 81' lang='lat' dir='ltr'><strong>Neque</strong></span> <span class='ocrx_word' id='word_1_124' title='bbox 512 1635 595 1698; x_wconf 90' lang='lat' dir='ltr'><strong>enim·</strong></span> <span class='ocrx_word' id='word_1_125' title='bbox 608 1637 780 1719; x_wconf 84' lang='lat' dir='ltr'><strong>quisquam,</strong></span> <span class='ocrx_word' id='word_1_126' title='bbox 802 1655 862 1702; x_wconf 90' lang='lat' dir='ltr'><strong>nou</strong></span> <span class='ocrx_word' id='word_1_127' title='bbox 883 1657 999 1722; x_wconf 86' lang='lat' dir='ltr'><strong>posse</strong></span> <span class='ocrx_word' id='word_1_128' title='bbox 1019 1639 1095 1703; x_wconf 85' lang='lat' dir='ltr'><strong>terri</strong></span> <span class='ocrx_word' id='word_1_129' title='bbox 1115 1641 1251 1722; x_wconf 90' lang='lat' dir='ltr'><strong>toties,</strong></span> <span class='ocrx_word' id='word_1_130' title='bbox 1271 1639 1327 1705; x_wconf 86' lang='lat' dir='ltr'><strong>tte·</strong></span> 
     </span>
     <span class='ocr_line' id='line_1_16' title="bbox 138 1723 434 1792; baseline -0.014 -1"><span class='ocrx_word' id='word_1_131' title='bbox 138 1723 148 1750; x_wconf 47' lang='lat' dir='ltr'><strong>l</strong></span> <span class='ocrx_word' id='word_1_132' title='bbox 249 1725 434 1792; x_wconf 87' lang='lat' dir='ltr'><strong>monstrauit.</strong></span> 
     </span>
     <span class='ocr_line' id='line_1_17' title="bbox 144 1807 1328 1886; baseline 0.002 -12"><span class='ocrx_word' id='word_1_133' title='bbox 144 1843 148 1855; x_wconf 90' lang='lat'>·</span> <span class='ocrx_word' id='word_1_134' title='bbox 353 1829 382 1886; x_wconf 89' lang='lat' dir='ltr'><strong>u,</strong></span> <span class='ocrx_word' id='word_1_135' title='bbox 405 1813 456 1874; x_wconf 85' lang='grc'><strong>23.</strong></span> <span class='ocrx_word' id='word_1_136' title='bbox 500 1809 631 1874; x_wconf 88' lang='lat' dir='ltr'><strong>Snbesse</strong></span> <span class='ocrx_word' id='word_1_137' title='bbox 651 1808 720 1872; x_wconf 90' lang='lat' dir='ltr'><strong>bulo</strong></span> <span class='ocrx_word' id='word_1_138' title='bbox 740 1811 928 1874; x_wconf 78' lang='lat' dir='ltr'><strong>oanslaooni</strong></span> <span class='ocrx_word' id='word_1_139' title='bbox 948 1811 1133 1875; x_wconf 74' lang='lat' dir='ltr'><strong>Platonicam</strong></span> <span class='ocrx_word' id='word_1_140' title='bbox 1161 1807 1200 1872; x_wconf 88' lang='lat' dir='ltr'><strong>de</strong></span> <span class='ocrx_word' id='word_1_141' title='bbox 1225 1810 1328 1876; x_wconf 84' lang='lat' dir='ltr'><strong>anima</strong></span> 
     </span>
     <span class='ocr_line' id='line_1_18' title="bbox 253 1895 1329 1980; baseline -0.001 -20"><span class='ocrx_word' id='word_1_142' title='bbox 253 1896 366 1961; x_wconf 80' lang='lat' dir='ltr'><strong>alata</strong></span> <span class='ocrx_word' id='word_1_143' title='bbox 387 1895 565 1975; x_wconf 77' lang='lat' dir='ltr'><strong>allegoriam</strong></span> <span class='ocrx_word' id='word_1_144' title='bbox 586 1905 654 1978; x_wconf 87' lang='lat' dir='ltr'><strong>post</strong></span> <span class='ocrx_word' id='word_1_145' title='bbox 674 1897 852 1960; x_wconf 80' lang='lat' dir='ltr'><strong>llosobltium</strong></span> <span class='ocrx_word' id='word_1_146' title='bbox 875 1897 989 1975; x_wconf 81' lang='lat' dir='ltr'><strong>(Anall.</strong></span> <span class='ocrx_word' id='word_1_147' title='bbox 1011 1915 1054 1962; x_wconf 89' lang='lat' dir='ltr'><strong>cr.</strong></span> <span class='ocrx_word' id='word_1_148' title='bbox 1076 1915 1105 1980; x_wconf 90' lang='lat' dir='ltr'><strong>p.</strong></span> <span class='ocrx_word' id='word_1_149' title='bbox 1128 1895 1329 1974; x_wconf 59' lang='lat' dir='ltr'><strong>calomnis</strong></span> 
     </span>
     <span class='ocr_line' id='line_1_19' title="bbox 251 1980 1328 2066; baseline 0 -20"><span class='ocrx_word' id='word_1_150' title='bbox 251 1983 370 2047; x_wconf 86' lang='lat' dir='ltr'><strong>lacobs.</strong></span> <span class='ocrx_word' id='word_1_151' title='bbox 410 1980 498 2060; x_wconf 85' lang='lat' dir='ltr'><strong>Quod</strong></span> <span class='ocrx_word' id='word_1_152' title='bbox 522 1983 618 2046; x_wconf 90' lang='lat' dir='ltr'><strong>simile</strong></span> <span class='ocrx_word' id='word_1_153' title='bbox 645 1983 730 2045; x_wconf 82' lang='lat' dir='ltr'><strong>uarie</strong></span> <span class='ocrx_word' id='word_1_154' title='bbox 757 1983 950 2047; x_wconf 83' lang='lat' dir='ltr'><strong>excoluerunt</strong></span> <span class='ocrx_word' id='word_1_155' title='bbox 972 2001 1059 2066; x_wconf 69' lang='lat' dir='ltr'><strong>pum</strong></span> <span class='ocrx_word' id='word_1_156' title='bbox 1082 1993 1189 2066; x_wconf 83' lang='lat' dir='ltr'><strong>poetae</strong></span> <span class='ocrx_word' id='word_1_157' title='bbox 1217 1983 1328 2046; x_wconf 88' lang='lat' dir='ltr'><strong>erotiei</strong></span> 
     </span>
     <span class='ocr_line' id='line_1_20' title="bbox 252 2067 1328 2148; baseline -0.002 -16"><span class='ocrx_word' id='word_1_158' title='bbox 252 2077 314 2132; x_wconf 90' lang='lat' dir='ltr'><strong>tnm</strong></span> <span class='ocrx_word' id='word_1_159' title='bbox 351 2067 491 2131; x_wconf 82' lang='lat' dir='ltr'><strong>artifices.</strong></span> <span class='ocrx_word' id='word_1_160' title='bbox 558 2069 603 2132; x_wconf 84' lang='lat' dir='ltr'><strong>Gi.</strong></span> <span class='ocrx_word' id='word_1_161' title='bbox 632 2068 764 2148; x_wconf 83' lang='lat' dir='ltr'><strong>Meleng.</strong></span> <span class='ocrx_word' id='word_1_162' title='bbox 795 2071 908 2142; x_wconf 81' lang='lat' dir='ltr'><strong>(Anuli.</strong></span> <span class='ocrx_word' id='word_1_163' title='bbox 934 2071 986 2132; x_wconf 91' lang='lat' dir='ltr'><strong>Br.</strong></span> <span class='ocrx_word' id='word_1_164' title='bbox 1015 2069 1040 2144; x_wconf 90' lang='lat'><strong>1,</strong></span> <span class='ocrx_word' id='word_1_165' title='bbox 1069 2073 1121 2144; x_wconf 78' lang='lat' dir='ltr'><strong>ta,</strong></span> <span class='ocrx_word' id='word_1_166' title='bbox 1151 2069 1201 2132; x_wconf 78' lang='lat'><strong>18.</strong></span> <span class='ocrx_word' id='word_1_167' title='bbox 1235 2071 1328 2131; x_wconf 80' lang='lat' dir='ltr'><strong>Autb.</strong></span> 
     </span>
     <span class='ocr_line' id='line_1_21' title="bbox 254 2152 1326 2236; baseline 0.001 -18"><span class='ocrx_word' id='word_1_168' title='bbox 254 2156 306 2219; x_wconf 83' lang='lat' dir='ltr'><strong>tir.</strong></span> <span class='ocrx_word' id='word_1_169' title='bbox 327 2153 435 2218; x_wconf 88' lang='lat' dir='ltr'><strong>Incobs</strong></span> <span class='ocrx_word' id='word_1_170' title='bbox 456 2152 547 2232; x_wconf 85' lang='lat' dir='ltr'><strong>ibid.)</strong></span> <span class='ocrx_word' id='word_1_171' title='bbox 567 2172 614 2236; x_wconf 92' lang='lat' dir='ltr'><strong>ep.</strong></span> <span class='ocrx_word' id='word_1_172' title='bbox 636 2154 742 2218; x_wconf 85' lang='lat' dir='ltr'><strong>LVlll.</strong></span> <span class='ocrx_word' id='word_1_173' title='bbox 762 2154 843 2218; x_wconf 86' lang='lat' dir='ltr'><strong>LIX.</strong></span> <span class='ocrx_word' id='word_1_174' title='bbox 864 2156 943 2218; x_wconf 86' lang='lat' dir='ltr'><strong>illus.</strong></span> <span class='ocrx_word' id='word_1_175' title='bbox 965 2155 999 2218; x_wconf 87' lang='lat' dir='ltr'><strong>P.</strong></span> <span class='ocrx_word' id='word_1_176' title='bbox 1023 2153 1068 2219; x_wconf 82' lang='lat' dir='ltr'><strong>til.</strong></span> <span class='ocrx_word' id='word_1_177' title='bbox 1088 2155 1141 2230; x_wconf 89' lang='grc' dir='ltr'><strong>ΙΙΙ,</strong></span> <span class='ocrx_word' id='word_1_178' title='bbox 1163 2159 1216 2216; x_wconf 88' lang='grc'><strong>22.</strong></span> <span class='ocrx_word' id='word_1_179' title='bbox 1236 2154 1270 2217; x_wconf 83' lang='grc' dir='ltr'><strong>(Ι.</strong></span> <span class='ocrx_word' id='word_1_180' title='bbox 1286 2154 1326 2219; x_wconf 92' lang='lat'><strong>0.</strong></span> 
     </span>
     <span class='ocr_line' id='line_1_22' title="bbox 253 2230 1328 2323; baseline -0.003 -17"><span class='ocrx_word' id='word_1_181' title='bbox 253 2239 378 2306; x_wconf 88' lang='lat' dir='ltr'><strong>Mttller.</strong></span> <span class='ocrx_word' id='word_1_182' title='bbox 401 2239 438 2302; x_wconf 89' lang='lat' dir='ltr'><strong>dc</strong></span> <span class='ocrx_word' id='word_1_183' title='bbox 459 2241 619 2302; x_wconf 79' lang='lat' dir='ltr'><strong>Arabaeol.</strong></span> <span class='ocrx_word' id='word_1_184' title='bbox 641 2260 672 2322; x_wconf 87' lang='lat' dir='ltr'><strong>p.</strong></span> <span class='ocrx_word' id='word_1_185' title='bbox 701 2244 775 2316; x_wconf 82' lang='lat'><strong>530,</strong></span> <span class='ocrx_word' id='word_1_186' title='bbox 800 2243 832 2304; x_wconf 84' lang='grc'><strong>8.</strong></span> <span class='ocrx_word' id='word_1_187' title='bbox 874 2242 913 2304; x_wconf 80' lang='lat' dir='ltr'><strong>At</strong></span> <span class='ocrx_word' id='word_1_188' title='bbox 939 2241 1058 2304; x_wconf 81' lang='lat' dir='ltr'><strong>Amoris</strong></span> <span class='ocrx_word' id='word_1_189' title='bbox 1085 2230 1222 2323; x_wconf 79' lang='grc' dir='ltr'>ἡνιόχου</span> <span class='ocrx_word' id='word_1_190' title='bbox 1248 2241 1328 2303; x_wconf 84' lang='lat' dir='ltr'><strong>ime-</strong></span> 
     </span>
     <span class='ocr_line' id='line_1_23' title="bbox 254 2327 1329 2408; baseline 0.001 -20"><span class='ocrx_word' id='word_1_191' title='bbox 254 2328 355 2404; x_wconf 76' lang='lat' dir='ltr'><strong>ginem</strong></span> <span class='ocrx_word' id='word_1_192' title='bbox 374 2327 559 2389; x_wconf 78' lang='lat' dir='ltr'><strong>obterentem</strong></span> <span class='ocrx_word' id='word_1_193' title='bbox 572 2327 622 2388; x_wconf 85' lang='lat' dir='ltr'><strong>bia</strong></span> <span class='ocrx_word' id='word_1_194' title='bbox 643 2343 709 2390; x_wconf 88' lang='lat' dir='ltr'><strong>esse</strong></span> <span class='ocrx_word' id='word_1_195' title='bbox 730 2335 838 2408; x_wconf 87' lang='lat' dir='ltr'><strong>poetae</strong></span> <span class='ocrx_word' id='word_1_196' title='bbox 860 2328 974 2403; x_wconf 85' lang='lat' dir='ltr'><strong>animo,</strong></span> <span class='ocrx_word' id='word_1_197' title='bbox 994 2343 1049 2390; x_wconf 89' lang='lat' dir='ltr'><strong>nea</strong></span> <span class='ocrx_word' id='word_1_198' title='bbox 1064 2327 1247 2400; x_wconf 85' lang='lat' dir='ltr'><strong>Huscbkius,</strong></span> <span class='ocrx_word' id='word_1_199' title='bbox 1268 2342 1329 2389; x_wconf 92' lang='lat' dir='ltr'><strong>nec</strong></span> 
     </span>
     <span class='ocr_line' id='line_1_24' title="bbox 181 2407 1329 2496; baseline 0 -20"><span class='ocrx_word' id='word_1_200' title='bbox 181 2427 183 2430; x_wconf 88' lang='grc'><strong><em>·</em></strong></span> <span class='ocrx_word' id='word_1_201' title='bbox 254 2413 409 2476; x_wconf 86' lang='lat' dir='ltr'><strong>lacobsius</strong></span> <span class='ocrx_word' id='word_1_202' title='bbox 422 2419 645 2494; x_wconf 86' lang='lat' dir='ltr'><strong>persuaserunt.</strong></span> <span class='ocrx_word' id='word_1_203' title='bbox 686 2415 785 2478; x_wconf 85' lang='lat' dir='ltr'><strong>Multo</strong></span> <span class='ocrx_word' id='word_1_204' title='bbox 801 2413 1008 2490; x_wconf 81' lang='lat' dir='ltr'><strong>uerisimilius,</strong></span> <span class='ocrx_word' id='word_1_205' title='bbox 1029 2407 1208 2496; x_wconf 75' lang='grc' dir='ltr'><strong><em>φάντασμα</em></strong></span> <span class='ocrx_word' id='word_1_206' title='bbox 1227 2413 1329 2493; x_wconf 84' lang='lat' dir='ltr'><strong>ipsum</strong></span> 
     </span>
     <span class='ocr_line' id='line_1_25' title="bbox 253 2497 1330 2580; baseline 0.001 -19"><span class='ocrx_word' id='word_1_207' title='bbox 253 2497 440 2562; x_wconf 86' lang='lat' dir='ltr'><strong>Platonicum</strong></span> <span class='ocrx_word' id='word_1_208' title='bbox 462 2497 500 2561; x_wconf 88' lang='lat' dir='ltr'><strong>de</strong></span> <span class='ocrx_word' id='word_1_209' title='bbox 521 2497 579 2560; x_wconf 84' lang='lat' dir='ltr'><strong>ntis</strong></span> <span class='ocrx_word' id='word_1_210' title='bbox 600 2497 717 2562; x_wconf 85' lang='lat' dir='ltr'><strong>animae</strong></span> <span class='ocrx_word' id='word_1_211' title='bbox 737 2497 853 2580; x_wconf 87' lang='lat' dir='ltr'><strong>pulchri</strong></span> <span class='ocrx_word' id='word_1_212' title='bbox 875 2509 996 2580; x_wconf 88' lang='lat' dir='ltr'><strong>aspectu</strong></span> <span class='ocrx_word' id='word_1_213' title='bbox 1025 2507 1055 2561; x_wconf 91' lang='lat' dir='ltr'><strong>et</strong></span> <span class='ocrx_word' id='word_1_214' title='bbox 1081 2497 1191 2560; x_wconf 89' lang='lat' dir='ltr'><strong>amoris</strong></span> <span class='ocrx_word' id='word_1_215' title='bbox 1217 2500 1247 2560; x_wconf 87' lang='lat' dir='ltr'><strong>ui</strong></span> <span class='ocrx_word' id='word_1_216' title='bbox 1274 2516 1330 2562; x_wconf 87' lang='lat' dir='ltr'><strong>re·</strong></span> 
     </span>
    </p>
   </div>
   <div class='ocr_carea' id='block_1_6' title="bbox 252 2583 1427 2754">
    <p class='ocr_par' dir='ltr' id='par_1_7' title="bbox 252 2583 1427 2754">
     <span class='ocr_line' id='line_1_26' title="bbox 252 2583 1427 2670; baseline 0.001 -22"><span class='ocrx_word' id='word_1_217' title='bbox 252 2583 443 2648; x_wconf 80' lang='lat' dir='ltr'><strong>nescemibus</strong></span> <span class='ocrx_word' id='word_1_218' title='bbox 457 2584 600 2661; x_wconf 83' lang='lat' dir='ltr'><strong>(Phaedr.</strong></span> <span class='ocrx_word' id='word_1_219' title='bbox 622 2603 651 2666; x_wconf 96' lang='lat' dir='ltr'><strong>p.</strong></span> <span class='ocrx_word' id='word_1_220' title='bbox 667 2585 787 2649; x_wconf 76' lang='grc' dir='ltr'><strong>251.Β.</strong></span> <span class='ocrx_word' id='word_1_221' title='bbox 805 2583 856 2659; x_wconf 85' lang='lat' dir='ltr'><strong>G.)</strong></span> <span class='ocrx_word' id='word_1_222' title='bbox 875 2604 894 2648; x_wconf 90' lang='lat' dir='ltr'><strong>a</strong></span> <span class='ocrx_word' id='word_1_223' title='bbox 915 2594 1005 2666; x_wconf 89' lang='lat' dir='ltr'><strong>poeta</strong></span> <span class='ocrx_word' id='word_1_224' title='bbox 1025 2584 1074 2647; x_wconf 81' lang='lat' dir='ltr'><strong>lia</strong></span> <span class='ocrx_word' id='word_1_225' title='bbox 1095 2585 1126 2646; x_wconf 90' lang='lat' dir='ltr'><strong>iu</strong></span> <span class='ocrx_word' id='word_1_226' title='bbox 1145 2601 1229 2645; x_wconf 89' lang='lat' dir='ltr'><strong>nsum</strong></span> <span class='ocrx_word' id='word_1_227' title='bbox 1251 2585 1331 2650; x_wconf 76' lang='lat' dir='ltr'><strong>catis</strong></span> <span class='ocrx_word' id='word_1_228' title='bbox 1426 2617 1427 2670; x_wconf 62' lang='lat' dir='ltr'><strong>p</strong></span> 
     </span>
     <span class='ocr_line' id='line_1_27' title="bbox 252 2669 1427 2754; baseline -0.002 -20"><span class='ocrx_word' id='word_1_229' title='bbox 252 2670 410 2754; x_wconf 85' lang='lat' dir='ltr'><strong>protanam</strong></span> <span class='ocrx_word' id='word_1_230' title='bbox 432 2689 498 2734; x_wconf 87' lang='lat' dir='ltr'><strong>esse</strong></span> <span class='ocrx_word' id='word_1_231' title='bbox 519 2670 708 2734; x_wconf 89' lang='lat' dir='ltr'><strong>declinatum.</strong></span> <span class='ocrx_word' id='word_1_232' title='bbox 750 2670 931 2751; x_wconf 83' lang='lat' dir='ltr'><strong>Quamquam</strong></span> <span class='ocrx_word' id='word_1_233' title='bbox 950 2673 1001 2752; x_wconf 89' lang='lat' dir='ltr'><strong>qui</strong></span> <span class='ocrx_word' id='word_1_234' title='bbox 1019 2687 1136 2734; x_wconf 80' lang='lat' dir='ltr'><strong>reustum</strong></span> <span class='ocrx_word' id='word_1_235' title='bbox 1156 2669 1330 2734; x_wconf 85' lang='lat' dir='ltr'><strong>breuiorem</strong></span> <span class='ocrx_word' id='word_1_236' title='bbox 1426 2673 1427 2678; x_wconf 77' lang='grc'>’</span> 
     </span>
    </p>
   </div>
   <div class='ocr_carea' id='block_1_7' title="bbox 252 2755 1351 4212">
    <p class='ocr_par' dir='ltr' id='par_1_8' title="bbox 252 2755 1351 4212">
     <span class='ocr_line' id='line_1_28' title="bbox 253 2755 1331 2838; baseline 0.001 -20"><span class='ocrx_word' id='word_1_237' title='bbox 253 2757 485 2838; x_wconf 76' lang='lat' dir='ltr'><strong>comparaverit,</strong></span> <span class='ocrx_word' id='word_1_238' title='bbox 506 2774 610 2820; x_wconf 85' lang='lat' dir='ltr'><strong>nouum</strong></span> <span class='ocrx_word' id='word_1_239' title='bbox 628 2755 743 2838; x_wconf 83' lang='lat' dir='ltr'><strong>aliquid</strong></span> <span class='ocrx_word' id='word_1_240' title='bbox 762 2773 817 2818; x_wconf 88' lang='lat' dir='ltr'><strong>nea</strong></span> <span class='ocrx_word' id='word_1_241' title='bbox 838 2758 881 2818; x_wconf 87' lang='lat' dir='ltr'><strong>ita</strong></span> <span class='ocrx_word' id='word_1_242' title='bbox 906 2755 1030 2818; x_wconf 78' lang='lat' dir='ltr'><strong>dificile</strong></span> <span class='ocrx_word' id='word_1_243' title='bbox 1050 2755 1204 2818; x_wconf 87' lang='lat' dir='ltr'><strong>intellectu</strong></span> <span class='ocrx_word' id='word_1_244' title='bbox 1227 2755 1331 2820; x_wconf 89' lang='lat' dir='ltr'><strong>simile</strong></span> 
     </span>
     <span class='ocr_line' id='line_1_29' title="bbox 252 2841 1331 2935; baseline 0 -29"><span class='ocrx_word' id='word_1_245' title='bbox 252 2841 441 2925; x_wconf 84' lang='lat' dir='ltr'><strong>Propertium</strong></span> <span class='ocrx_word' id='word_1_246' title='bbox 461 2841 612 2905; x_wconf 84' lang='lat' dir='ltr'><strong>effinxisse</strong></span> <span class='ocrx_word' id='word_1_247' title='bbox 635 2844 703 2904; x_wconf 91' lang='lat' dir='ltr'><strong>inre</strong></span> <span class='ocrx_word' id='word_1_248' title='bbox 724 2843 898 2925; x_wconf 86' lang='lat' dir='ltr'><strong>suspicetur.</strong></span> <span class='ocrx_word' id='word_1_249' title='bbox 947 2841 1101 2906; x_wconf 81' lang='lat' dir='ltr'><strong>Secundus</strong></span> <span class='ocrx_word' id='word_1_250' title='bbox 1118 2843 1207 2935; x_wconf 47' lang='lat' dir='ltr'><strong>,enim</strong></span> <span class='ocrx_word' id='word_1_251' title='bbox 1234 2842 1331 2906; x_wconf 82' lang='lat' dir='ltr'><strong>Amor</strong></span> 
     </span>
     <span class='ocr_line' id='line_1_30' title="bbox 254 2925 1332 3016; baseline 0.001 -24"><span class='ocrx_word' id='word_1_252' title='bbox 254 2940 403 2994; x_wconf 87' lang='lat' dir='ltr'><strong>errantem</strong></span> <span class='ocrx_word' id='word_1_253' title='bbox 428 2931 564 2992; x_wconf 81' lang='lat' dir='ltr'><strong>Animam</strong></span> <span class='ocrx_word' id='word_1_254' title='bbox 589 2944 645 2990; x_wconf 84' lang='lat' dir='ltr'><strong>uec</strong></span> <span class='ocrx_word' id='word_1_255' title='bbox 670 2929 744 2991; x_wconf 90' lang='lat' dir='ltr'><strong>satis</strong></span> <span class='ocrx_word' id='word_1_256' title='bbox 775 2929 864 3016; x_wconf 66' lang='lat' dir='ltr'><strong>cprtis</strong></span> <span class='ocrx_word' id='word_1_257' title='bbox 892 2927 948 2991; x_wconf 87' lang='lat' dir='ltr'><strong>alis</strong></span> <span class='ocrx_word' id='word_1_258' title='bbox 982 2929 1137 2990; x_wconf 83' lang='lat' dir='ltr'><strong>subnixam</strong></span> <span class='ocrx_word' id='word_1_259' title='bbox 1165 2925 1260 3004; x_wconf 90' lang='lat' dir='ltr'><strong>tollit,</strong></span> <span class='ocrx_word' id='word_1_260' title='bbox 1296 2935 1332 2994; x_wconf 83' lang='lat' dir='ltr'><strong>et</strong></span> 
     </span>
     <span class='ocr_line' id='line_1_31' title="bbox 252 3011 1332 3096; baseline -0.002 -18"><span class='ocrx_word' id='word_1_261' title='bbox 252 3013 338 3090; x_wconf 84' lang='lat' dir='ltr'><strong>lucili</strong></span> <span class='ocrx_word' id='word_1_262' title='bbox 357 3016 460 3080; x_wconf 83' lang='lat' dir='ltr'><strong>uolatu</strong></span> <span class='ocrx_word' id='word_1_263' title='bbox 480 3015 610 3079; x_wconf 86' lang='lat' dir='ltr'><strong>adiutum</strong></span> <span class='ocrx_word' id='word_1_264' title='bbox 632 3031 747 3078; x_wconf 88' lang='lat' dir='ltr'><strong>sursum</strong></span> <span class='ocrx_word' id='word_1_265' title='bbox 773 3014 880 3077; x_wconf 87' lang='lat' dir='ltr'><strong>aulert.</strong></span> <span class='ocrx_word' id='word_1_266' title='bbox 929 3011 1079 3078; x_wconf 81' lang='lat' dir='ltr'><strong>Aduersus</strong></span> <span class='ocrx_word' id='word_1_267' title='bbox 1105 3021 1209 3076; x_wconf 86' lang='lat' dir='ltr'><strong>contro</strong></span> <span class='ocrx_word' id='word_1_268' title='bbox 1237 3031 1332 3096; x_wconf 85' lang='lat' dir='ltr'><strong>manu</strong></span> 
     </span>
     <span class='ocr_line' id='line_1_32' title="bbox 254 3098 1330 3182; baseline -0.002 -18"><span class='ocrx_word' id='word_1_269' title='bbox 254 3103 363 3182; x_wconf 90' lang='lat' dir='ltr'><strong>premit</strong></span> <span class='ocrx_word' id='word_1_270' title='bbox 392 3110 422 3165; x_wconf 92' lang='lat' dir='ltr'><strong>et</strong></span> <span class='ocrx_word' id='word_1_271' title='bbox 440 3101 558 3164; x_wconf 86' lang='lat' dir='ltr'><strong>humum</strong></span> <span class='ocrx_word' id='word_1_272' title='bbox 586 3100 697 3163; x_wconf 87' lang='lat' dir='ltr'><strong>delicit.</strong></span> <span class='ocrx_word' id='word_1_273' title='bbox 741 3099 802 3162; x_wconf 87' lang='lat' dir='ltr'><strong>Sed</strong></span> <span class='ocrx_word' id='word_1_274' title='bbox 825 3101 955 3179; x_wconf 79' lang='lat' dir='ltr'><strong>augebat</strong></span> <span class='ocrx_word' id='word_1_275' title='bbox 983 3099 1235 3180; x_wconf 82' lang='lat' dir='ltr'><strong>interpretationis</strong></span> <span class='ocrx_word' id='word_1_276' title='bbox 1263 3098 1330 3162; x_wconf 84' lang='lat' dir='ltr'><strong>tit-</strong></span> 
     </span>
     <span class='ocr_line' id='line_1_33' title="bbox 254 3184 1333 3267; baseline -0.001 -19"><span class='ocrx_word' id='word_1_277' title='bbox 254 3185 414 3251; x_wconf 86' lang='lat' dir='ltr'><strong>ticnltutem</strong></span> <span class='ocrx_word' id='word_1_278' title='bbox 442 3205 501 3249; x_wconf 89' lang='lat' dir='ltr'><strong>uox</strong></span> <span class='ocrx_word' id='word_1_279' title='bbox 529 3187 681 3249; x_wconf 85' lang='lat' dir='ltr'><strong>alterne</strong></span> <span class='ocrx_word' id='word_1_280' title='bbox 703 3187 741 3248; x_wconf 88' lang='lat' dir='ltr'><strong>ab</strong></span> <span class='ocrx_word' id='word_1_281' title='bbox 768 3185 829 3250; x_wconf 83' lang='lat' dir='ltr'><strong>W.</strong></span> <span class='ocrx_word' id='word_1_282' title='bbox 849 3187 913 3248; x_wconf 81' lang='lat' dir='ltr'><strong>bt).</strong></span> <span class='ocrx_word' id='word_1_283' title='bbox 941 3203 1046 3266; x_wconf 86' lang='lat' dir='ltr'><strong>purum</strong></span> <span class='ocrx_word' id='word_1_284' title='bbox 1073 3184 1241 3261; x_wconf 84' lang='lat' dir='ltr'><strong>intellecta,</strong></span> <span class='ocrx_word' id='word_1_285' title='bbox 1272 3185 1333 3267; x_wconf 85' lang='lat' dir='ltr'><strong>qni</strong></span> 
     </span>
     <span class='ocr_line' id='line_1_34' title="bbox 255 3270 1330 3354; baseline -0.001 -19"><span class='ocrx_word' id='word_1_286' title='bbox 255 3288 322 3335; x_wconf 90' lang='lat' dir='ltr'><strong>cum</strong></span> <span class='ocrx_word' id='word_1_287' title='bbox 338 3290 394 3354; x_wconf 89' lang='lat' dir='ltr'><strong>pro</strong></span> <span class='ocrx_word' id='word_1_288' title='bbox 417 3273 545 3336; x_wconf 87' lang='lat' dir='ltr'><strong>altera</strong></span> <span class='ocrx_word' id='word_1_289' title='bbox 571 3272 677 3334; x_wconf 86' lang='lat' dir='ltr'><strong>dictam</strong></span> <span class='ocrx_word' id='word_1_290' title='bbox 705 3273 890 3352; x_wconf 86' lang='lat' dir='ltr'><strong>acciperent,</strong></span> <span class='ocrx_word' id='word_1_291' title='bbox 919 3271 973 3332; x_wconf 88' lang='lat' dir='ltr'><strong>alii</strong></span> <span class='ocrx_word' id='word_1_292' title='bbox 994 3270 1092 3334; x_wconf 87' lang='lat' dir='ltr'><strong>altera</strong></span> <span class='ocrx_word' id='word_1_293' title='bbox 1115 3288 1203 3332; x_wconf 89' lang='lat' dir='ltr'><strong>mauu</strong></span> <span class='ocrx_word' id='word_1_294' title='bbox 1220 3271 1330 3334; x_wconf 83' lang='lat' dir='ltr'><strong>iuuan-</strong></span> 
     </span>
     <span class='ocr_line' id='line_1_35' title="bbox 254 3357 1351 3440; baseline -0.001 -19"><span class='ocrx_word' id='word_1_295' title='bbox 254 3365 329 3432; x_wconf 89' lang='lat' dir='ltr'><strong>tem,</strong></span> <span class='ocrx_word' id='word_1_296' title='bbox 354 3359 452 3420; x_wconf 86' lang='lat' dir='ltr'><strong>altera</strong></span> <span class='ocrx_word' id='word_1_297' title='bbox 477 3367 657 3440; x_wconf 89' lang='lat' dir='ltr'><strong>prementem</strong></span> <span class='ocrx_word' id='word_1_298' title='bbox 683 3357 818 3420; x_wconf 87' lang='lat' dir='ltr'><strong>lecerunt</strong></span> <span class='ocrx_word' id='word_1_299' title='bbox 839 3360 993 3430; x_wconf 79' lang='lat' dir='ltr'><strong>Amorem,</strong></span> <span class='ocrx_word' id='word_1_300' title='bbox 1018 3357 1071 3419; x_wconf 86' lang='lat' dir='ltr'><strong>ulii</strong></span> <span class='ocrx_word' id='word_1_301' title='bbox 1098 3373 1240 3419; x_wconf 86' lang='lat' dir='ltr'><strong>manum</strong></span> <span class='ocrx_word' id='word_1_302' title='bbox 1267 3373 1351 3436; x_wconf 80' lang='lat' dir='ltr'><strong>pro·</strong></span> 
     </span>
     <span class='ocr_line' id='line_1_36' title="bbox 255 3441 1332 3525; baseline -0.001 -20"><span class='ocrx_word' id='word_1_303' title='bbox 255 3442 320 3505; x_wconf 86' lang='lat' dir='ltr'><strong>ala</strong></span> <span class='ocrx_word' id='word_1_304' title='bbox 337 3446 464 3525; x_wconf 90' lang='lat' dir='ltr'><strong>positam</strong></span> <span class='ocrx_word' id='word_1_305' title='bbox 487 3445 599 3524; x_wconf 87' lang='lat' dir='ltr'><strong>opinati</strong></span> <span class='ocrx_word' id='word_1_306' title='bbox 622 3450 704 3518; x_wconf 88' lang='lat' dir='ltr'><strong>suut,</strong></span> <span class='ocrx_word' id='word_1_307' title='bbox 733 3441 786 3505; x_wconf 89' lang='lat' dir='ltr'><strong>alil</strong></span> <span class='ocrx_word' id='word_1_308' title='bbox 807 3442 1033 3505; x_wconf 83' lang='lat' dir='ltr'><strong>incredibiliora</strong></span> <span class='ocrx_word' id='word_1_309' title='bbox 1062 3443 1149 3504; x_wconf 89' lang='lat' dir='ltr'><strong>etiam</strong></span> <span class='ocrx_word' id='word_1_310' title='bbox 1171 3445 1332 3522; x_wconf 79' lang='lat' dir='ltr'><strong>excogita-</strong></span> 
     </span>
     <span class='ocr_line' id='line_1_37' title="bbox 254 3526 1331 3611; baseline -0.001 -20"><span class='ocrx_word' id='word_1_311' title='bbox 254 3541 375 3607; x_wconf 89' lang='lat' dir='ltr'><strong>uerunt,</strong></span> <span class='ocrx_word' id='word_1_312' title='bbox 393 3530 497 3611; x_wconf 84' lang='lat' dir='ltr'><strong>qualia</strong></span> <span class='ocrx_word' id='word_1_313' title='bbox 515 3528 619 3592; x_wconf 84' lang='lat' dir='ltr'><strong>ridere</strong></span> <span class='ocrx_word' id='word_1_314' title='bbox 639 3538 685 3592; x_wconf 88' lang='lat' dir='ltr'><strong>est</strong></span> <span class='ocrx_word' id='word_1_315' title='bbox 702 3547 750 3610; x_wconf 90' lang='lat' dir='ltr'><strong>ap.</strong></span> <span class='ocrx_word' id='word_1_316' title='bbox 767 3529 868 3591; x_wconf 89' lang='lat' dir='ltr'><strong>Bnrm.</strong></span> <span class='ocrx_word' id='word_1_317' title='bbox 912 3526 973 3592; x_wconf 86' lang='lat' dir='ltr'><strong>Sed</strong></span> <span class='ocrx_word' id='word_1_318' title='bbox 994 3528 1170 3592; x_wconf 83' lang='lat' dir='ltr'><strong>adiectiuum</strong></span> <span class='ocrx_word' id='word_1_319' title='bbox 1191 3545 1247 3607; x_wconf 90' lang='lat' dir='ltr'><strong>pro</strong></span> <span class='ocrx_word' id='word_1_320' title='bbox 1268 3528 1331 3590; x_wconf 87' lang='lat' dir='ltr'><strong>ad-</strong></span> 
     </span>
     <span class='ocr_line' id='line_1_38' title="bbox 255 3613 1334 3692; baseline -0.001 -14"><span class='ocrx_word' id='word_1_321' title='bbox 255 3616 361 3679; x_wconf 85' lang='lat' dir='ltr'><strong>uerbio</strong></span> <span class='ocrx_word' id='word_1_322' title='bbox 383 3625 444 3692; x_wconf 88' lang='lat' dir='ltr'><strong>est,</strong></span> <span class='ocrx_word' id='word_1_323' title='bbox 464 3615 634 3678; x_wconf 82' lang='lat' dir='ltr'><strong>alternis</strong></span> <span class='ocrx_word' id='word_1_324' title='bbox 660 3613 825 3690; x_wconf 82' lang='lat' dir='ltr'><strong>uicibus,</strong></span> <span class='ocrx_word' id='word_1_325' title='bbox 852 3615 909 3678; x_wconf 89' lang='lat' dir='ltr'><strong>bac</strong></span> <span class='ocrx_word' id='word_1_326' title='bbox 936 3615 1095 3678; x_wconf 89' lang='lat' dir='ltr'><strong>sententia:</strong></span> <span class='ocrx_word' id='word_1_327' title='bbox 1124 3615 1215 3677; x_wconf 89' lang='lat' dir='ltr'><strong>llmor</strong></span> <span class='ocrx_word' id='word_1_328' title='bbox 1249 3631 1334 3677; x_wconf 91' lang='lat' dir='ltr'><strong>nunc</strong></span> 
     </span>
     <span class='ocr_line' id='line_1_39' title="bbox 255 3701 1330 3784; baseline 0.001 -21"><span class='ocrx_word' id='word_1_329' title='bbox 255 3704 365 3765; x_wconf 85' lang='lat' dir='ltr'><strong>amanti</strong></span> <span class='ocrx_word' id='word_1_330' title='bbox 387 3703 452 3766; x_wconf 84' lang='lat' dir='ltr'><strong>atas</strong></span> <span class='ocrx_word' id='word_1_331' title='bbox 472 3702 611 3784; x_wconf 89' lang='lat' dir='ltr'><strong>praebet,</strong></span> <span class='ocrx_word' id='word_1_332' title='bbox 633 3717 710 3764; x_wconf 91' lang='lat' dir='ltr'><strong>nunc</strong></span> <span class='ocrx_word' id='word_1_333' title='bbox 729 3702 825 3766; x_wconf 81' lang='lat' dir='ltr'><strong>uersis</strong></span> <span class='ocrx_word' id='word_1_334' title='bbox 847 3701 961 3766; x_wconf 86' lang='lat' dir='ltr'><strong>uicibus</strong></span> <span class='ocrx_word' id='word_1_335' title='bbox 983 3717 1049 3764; x_wconf 90' lang='lat' dir='ltr'><strong>eum</strong></span> <span class='ocrx_word' id='word_1_336' title='bbox 1070 3718 1157 3763; x_wconf 87' lang='lat' dir='ltr'><strong>mano</strong></span> <span class='ocrx_word' id='word_1_337' title='bbox 1179 3701 1330 3779; x_wconf 90' lang='lat' dir='ltr'><strong>reprimit.</strong></span> 
     </span>
     <span class='ocr_line' id='line_1_40' title="bbox 253 3784 1332 3864; baseline -0.003 -12"><span class='ocrx_word' id='word_1_338' title='bbox 253 3786 308 3852; x_wconf 87' lang='lat' dir='ltr'><strong>Sic</strong></span> <span class='ocrx_word' id='word_1_339' title='bbox 330 3789 392 3852; x_wconf 90' lang='lat' dir='ltr'><strong>tlic.</strong></span> <span class='ocrx_word' id='word_1_340' title='bbox 414 3791 481 3852; x_wconf 81' lang='lat' dir='ltr'><strong>Act.</strong></span> <span class='ocrx_word' id='word_1_341' title='bbox 513 3787 544 3851; x_wconf 91' lang='lat' dir='ltr'><strong>in</strong></span> <span class='ocrx_word' id='word_1_342' title='bbox 570 3787 659 3853; x_wconf 82' lang='lat' dir='ltr'><strong>Verr.</strong></span> <span class='ocrx_word' id='word_1_343' title='bbox 687 3785 710 3862; x_wconf 92' lang='lat'><strong>1,</strong></span> <span class='ocrx_word' id='word_1_344' title='bbox 736 3805 762 3850; x_wconf 92' lang='lat' dir='ltr'><strong>o.</strong></span> <span class='ocrx_word' id='word_1_345' title='bbox 793 3791 843 3850; x_wconf 85' lang='lat' dir='ltr'><strong>ts.</strong></span> <span class='ocrx_word' id='word_1_346' title='bbox 906 3803 996 3864; x_wconf 91' lang='lat' dir='ltr'><strong>„cum</strong></span> <span class='ocrx_word' id='word_1_347' title='bbox 1031 3784 1164 3848; x_wconf 77' lang='lat' dir='ltr'><strong>alternae</strong></span> <span class='ocrx_word' id='word_1_348' title='bbox 1192 3784 1332 3849; x_wconf 81' lang='lat' dir='ltr'><strong>ciuitates</strong></span> 
     </span>
     <span class='ocr_line' id='line_1_41' title="bbox 256 3870 1331 3954; baseline -0.002 -16"><span class='ocrx_word' id='word_1_349' title='bbox 256 3875 388 3938; x_wconf 82' lang='lat' dir='ltr'><strong>reiectae</strong></span> <span class='ocrx_word' id='word_1_350' title='bbox 409 3877 501 3938; x_wconf 87' lang='lat' dir='ltr'><strong>sunt“</strong></span> <span class='ocrx_word' id='word_1_351' title='bbox 520 3891 579 3936; x_wconf 93' lang='lat' dir='ltr'><strong>non</strong></span> <span class='ocrx_word' id='word_1_352' title='bbox 594 3875 637 3936; x_wconf 93' lang='lat' dir='ltr'><strong>sic</strong></span> <span class='ocrx_word' id='word_1_353' title='bbox 651 3871 921 3954; x_wconf 86' lang='lat' dir='ltr'><strong>interpretandum,</strong></span> <span class='ocrx_word' id='word_1_354' title='bbox 941 3873 1028 3953; x_wconf 78' lang='lat' dir='ltr'><strong>possi</strong></span> <span class='ocrx_word' id='word_1_355' title='bbox 1046 3870 1134 3934; x_wconf 93' lang='lat' dir='ltr'><strong>modo</strong></span> <span class='ocrx_word' id='word_1_356' title='bbox 1148 3871 1223 3934; x_wconf 91' lang='lat' dir='ltr'><strong>baec</strong></span> <span class='ocrx_word' id='word_1_357' title='bbox 1237 3870 1331 3936; x_wconf 89' lang='lat' dir='ltr'><strong>modo</strong></span> 
     </span>
     <span class='ocr_line' id='line_1_42' title="bbox 257 3955 1334 4036; baseline -0.002 -14"><span class='ocrx_word' id='word_1_358' title='bbox 257 3960 314 4022; x_wconf 93' lang='lat' dir='ltr'><strong>illa</strong></span> <span class='ocrx_word' id='word_1_359' title='bbox 339 3962 442 4024; x_wconf 85' lang='lat' dir='ltr'><strong>ciuitas</strong></span> <span class='ocrx_word' id='word_1_360' title='bbox 466 3959 579 4022; x_wconf 87' lang='lat' dir='ltr'><strong>reiecta</strong></span> <span class='ocrx_word' id='word_1_361' title='bbox 599 3961 652 4034; x_wconf 87' lang='lat' dir='ltr'><strong>uit,</strong></span> <span class='ocrx_word' id='word_1_362' title='bbox 681 3959 735 4020; x_wconf 87' lang='lat' dir='ltr'><strong>sed</strong></span> <span class='ocrx_word' id='word_1_363' title='bbox 764 3968 797 4021; x_wconf 92' lang='lat' dir='ltr'><strong>ut</strong></span> <span class='ocrx_word' id='word_1_364' title='bbox 821 3959 924 4021; x_wconf 89' lang='lat' dir='ltr'><strong>eadem</strong></span> <span class='ocrx_word' id='word_1_365' title='bbox 955 3958 1074 4020; x_wconf 86' lang='lat' dir='ltr'><strong>ciuitate</strong></span> <span class='ocrx_word' id='word_1_366' title='bbox 1096 3955 1183 4020; x_wconf 89' lang='lat' dir='ltr'><strong>modo</strong></span> <span class='ocrx_word' id='word_1_367' title='bbox 1204 3959 1334 4036; x_wconf 89' lang='lat' dir='ltr'><strong>reiecta,</strong></span> 
     </span>
     <span class='ocr_line' id='line_1_43' title="bbox 257 4042 1334 4120; baseline -0.005 -11"><span class='ocrx_word' id='word_1_368' title='bbox 257 4045 345 4109; x_wconf 93' lang='lat' dir='ltr'><strong>modo</strong></span> <span class='ocrx_word' id='word_1_369' title='bbox 367 4065 425 4108; x_wconf 91' lang='lat' dir='ltr'><strong>non</strong></span> <span class='ocrx_word' id='word_1_370' title='bbox 447 4047 575 4120; x_wconf 88' lang='lat' dir='ltr'><strong>reiecta,</strong></span> <span class='ocrx_word' id='word_1_371' title='bbox 603 4045 727 4107; x_wconf 85' lang='lat' dir='ltr'><strong>alternis</strong></span> <span class='ocrx_word' id='word_1_372' title='bbox 754 4044 867 4106; x_wconf 80' lang='lat' dir='ltr'><strong>uicibus</strong></span> <span class='ocrx_word' id='word_1_373' title='bbox 895 4042 1069 4106; x_wconf 86' lang='lat' dir='ltr'><strong>aduersario</strong></span> <span class='ocrx_word' id='word_1_374' title='bbox 1097 4043 1252 4106; x_wconf 91' lang='lat' dir='ltr'><strong>reiiciendi</strong></span> <span class='ocrx_word' id='word_1_375' title='bbox 1278 4043 1334 4105; x_wconf 79' lang='lat' dir='ltr'><strong>la-</strong></span> 
     </span>
     <span class='ocr_line' id='line_1_44' title="bbox 254 4126 1334 4212; baseline 0 -18"><span class='ocrx_word' id='word_1_376' title='bbox 254 4126 350 4196; x_wconf 78' lang='lat' dir='ltr'><strong>c&#39;nltas</strong></span> <span class='ocrx_word' id='word_1_377' title='bbox 379 4132 519 4196; x_wconf 87' lang='lat' dir='ltr'><strong>dotauit.</strong></span> <span class='ocrx_word' id='word_1_378' title='bbox 563 4129 650 4208; x_wconf 79' lang='lat' dir='ltr'><strong>Quod</strong></span> <span class='ocrx_word' id='word_1_379' title='bbox 678 4129 835 4212; x_wconf 88' lang='lat' dir='ltr'><strong>repudiata</strong></span> <span class='ocrx_word' id='word_1_380' title='bbox 864 4129 986 4192; x_wconf 76' lang='lat' dir='ltr'><strong>Astomi</strong></span> <span class='ocrx_word' id='word_1_381' title='bbox 1011 4127 1210 4210; x_wconf 81' lang='lat' dir='ltr'><strong>explicatione</strong></span> <span class='ocrx_word' id='word_1_382' title='bbox 1238 4129 1334 4194; x_wconf 85' lang='lat' dir='ltr'><strong>docet</strong></span> 
     </span>
    </p>
   </div>
   <div class='ocr_carea' id='block_1_8' title="bbox 255 4214 1427 4282">
    <p class='ocr_par' dir='ltr' id='par_1_9' title="bbox 255 4214 1427 4282">
     <span class='ocr_line' id='line_1_45' title="bbox 255 4214 1427 4282; baseline -0.003 -2"><span class='ocrx_word' id='word_1_383' title='bbox 255 4217 446 4282; x_wconf 86' lang='lat' dir='ltr'><strong>llottomann.</strong></span> <span class='ocrx_word' id='word_1_384' title='bbox 472 4217 511 4281; x_wconf 89' lang='lat' dir='ltr'><strong>ad</strong></span> <span class='ocrx_word' id='word_1_385' title='bbox 535 4216 559 4282; x_wconf 93' lang='grc' dir='ltr'><strong>Ι.</strong></span> <span class='ocrx_word' id='word_1_386' title='bbox 585 4217 609 4281; x_wconf 86' lang='grc' dir='ltr'><strong>Ι.</strong></span> <span class='ocrx_word' id='word_1_387' title='bbox 637 4215 708 4280; x_wconf 92' lang='lat' dir='ltr'><strong>coll.</strong></span> <span class='ocrx_word' id='word_1_388' title='bbox 740 4215 803 4279; x_wconf 80' lang='lat' dir='ltr'><strong>oto.</strong></span> <span class='ocrx_word' id='word_1_389' title='bbox 830 4215 934 4278; x_wconf 86' lang='lat' dir='ltr'><strong>Pleno.</strong></span> <span class='ocrx_word' id='word_1_390' title='bbox 962 4217 1012 4280; x_wconf 81' lang='lat' dir='ltr'><strong>lb.</strong></span> <span class='ocrx_word' id='word_1_391' title='bbox 1041 4215 1140 4280; x_wconf 86' lang='lat' dir='ltr'><strong>Vatin.</strong></span> <span class='ocrx_word' id='word_1_392' title='bbox 1165 4218 1215 4278; x_wconf 76' lang='lat' dir='ltr'><strong>lc</strong></span> <span class='ocrx_word' id='word_1_393' title='bbox 1249 4214 1333 4278; x_wconf 79' lang='lat' dir='ltr'><strong>Add.</strong></span> <span class='ocrx_word' id='word_1_394' title='bbox 1426 4223 1427 4226; x_wconf 76' lang='grc'>’</span> 
     </span>
    </p>
   </div>
   <div class='ocr_carea' id='block_1_9' title="bbox 256 4301 1334 4388">
    <p class='ocr_par' dir='ltr' id='par_1_10' title="bbox 256 4301 1334 4388">
     <span class='ocr_line' id='line_1_46' title="bbox 256 4301 1334 4388; baseline -0.009 -14"><span class='ocrx_word' id='word_1_395' title='bbox 256 4301 340 4388; x_wconf 73' lang='lat' dir='ltr'><strong>virg.</strong></span> <span class='ocrx_word' id='word_1_396' title='bbox 359 4307 432 4373; x_wconf 79' lang='lat' dir='ltr'><strong>ben.</strong></span> <span class='ocrx_word' id='word_1_397' title='bbox 455 4303 508 4385; x_wconf 82' lang='lat' dir='ltr'><strong>xi,</strong></span> <span class='ocrx_word' id='word_1_398' title='bbox 528 4305 606 4370; x_wconf 72' lang='lat'><strong>426:</strong></span> <span class='ocrx_word' id='word_1_399' title='bbox 633 4302 742 4368; x_wconf 88' lang='lat' dir='ltr'><strong>multos</strong></span> <span class='ocrx_word' id='word_1_400' title='bbox 763 4301 918 4370; x_wconf 86' lang='lat' dir='ltr'><strong>alterna</strong></span> <span class='ocrx_word' id='word_1_401' title='bbox 938 4303 1087 4382; x_wconf 77' lang='lat' dir='ltr'><strong>reticens,</strong></span> <span class='ocrx_word' id='word_1_402' title='bbox 1107 4301 1216 4368; x_wconf 78' lang='lat' dir='ltr'><strong>Lusit</strong></span> <span class='ocrx_word' id='word_1_403' title='bbox 1242 4301 1334 4366; x_wconf 84' lang='lat' dir='ltr'><strong>etin</strong></span> 
     </span>
    </p>
   </div>
   <div class='ocr_carea' id='block_1_10' title="bbox 0 0 1449 4922">
    <p class='ocr_par' dir='ltr' id='par_1_11' title="bbox 0 0 1449 4922">
     <span class='ocr_line' id='line_1_47' title="bbox 0 0 1449 4922; baseline 0 0"><span class='ocrx_word' id='word_1_404' title='bbox 0 0 1449 4922; x_wconf 95' lang='lat' dir='ltr'><strong> </strong></span> 
     </span>
    </p>
   </div>
  </div>
 </body>
</html>
