2870 4922
373 993 826 1068 commentarium

579 1134 623 1200 iu

135 1214 266 1368 =Ser.
304 1271 461 1367 duret.
497 1269 743 1392 Propertii
779 1271 1050 1392 Etepinrnn

454 1485 748 1554 utnrun't

152 1789 346 1891 Naatue
366 1843 523 1910 regnentur,
540 1825 621 1910 pund
640 1828 673 1892 in
692 1823 846 1912 pieriapue
869 1821 956 1890 uudd.
976 1839 1045 1890 nee.
1060 1823 1138 1891 Pru·

68 1915 163 1996 pertin
185 1915 302 1988 itueait,
329 1929 384 1996 per
411 1933 444 1978 ae
471 1913 589 1997 quidem
610 1915 684 1978 nihil
710 1915 816 1991 iubet,
840 1929 894 1976 eur
912 1913 1139 1994 Propertiernm

66 1999 199 2064 ianiliae
220 1999 313 2062 adiici
333 2017 391 2063 nen
411 2001 551 2083 potuerit.
593 2000 656 2066 Sed
678 2018 744 2064 uum
764 2009 795 2065 et
815 1999 854 2062 ab
876 1997 945 2062 aliie
959 1999 1044 2062 iibrin
1066 2015 1138 2068 mett.

69 2095 97 2150 et
117 2105 137 2150 a
155 2085 254 2168 Nedp.
277 2085 371 2162 abrit,
398 2105 456 2152 neu
475 2087 587 2150 iniuria
605 2087 764 2163 ttvettlt„
784 2103 823 2150 ex
844 2083 1008 2168 depravatu
1028 2085 1077 2151 nt.
1097 2085 1138 2165 li,

72 2175 194 2248 9198.
217 2172 379 2252 scriptione
405 2173 539 2238 naritu
565 2173 676 2238 diret
698 2191 717 2236 a
737 2173 871 2236 librariis
893 2170 1062 2234 renidentis
1083 2171 1137 2236 ud·
1209 2213 1215 2238 .

71 2257 158 2320 ditum
177 2257 211 2321 id
235 2273 303 2320 enee
321 2259 380 2320 iarn
401 2257 507 2322 dudum
530 2259 672 2342 nuapieati
694 2267 769 2322 nunt
819 2257 923 2340 Neque
944 2266 1041 2320 tamen
1062 2255 1139 2322 iliud

70 2345 161 2425 ipenm
183 2344 272 2408 nleue
299 2343 425 2408 intnrum
447 2345 539 2408 iniere
561 2343 748 2423 crediderim,
776 2351 809 2406 ut
827 2351 910 2407 tantu
935 2359 1081 2408 censensu
1099 2345 1139 2408 ii·

70 2429 188 2494 itrurum
217 2429 345 2494 umninm
372 2431 547 2496 auctoritate
575 2429 803 2506 defenderetur,
831 2430 892 2494 niui
921 2429 991 2494 nliia
1018 2447 1138 2512 queque

70 2515 154 2592 lueis,
173 2532 236 2579 nun
256 2515 344 2579 nude
365 2533 428 2580 uun
450 2517 523 2580 mari
541 2527 650 2600 puetue
667 2525 770 2580 nostru
792 2517 996 2580 enumereinm
1015 2515 1139 2598 aiipnud

71 2601 170 2678 iuinee,
192 2600 248 2665 ned
270 2620 326 2664 nnn
345 2602 413 2667 nuri
434 2604 520 2666 etiam
539 2621 632 2680 neum,
661 2611 692 2668 et
709 2611 904 2666 mercaturam
923 2601 1055 2666 iurtaeaa
1072 2620 1140 2667 euna

72 2687 177 2752 iecisse
203 2687 380 2751 festinanter
412 2686 522 2767 legenti
556 2687 736 2773 persuaderi
763 2689 919 2772 putuieret
977 2687 1045 2766 Qun
1073 2705 1139 2753 eura

74 2773 170 2856 elegia
185 2775 272 2837 iruina
287 2773 358 2836 iibri
374 2778 424 2837 17.
444 2771 583 2840 univerae
595 2777 734 2859 pertinet,
754 2785 814 2841 tum
828 2773 879 2838 ΕΙ.
891 2774 931 2851 11,
952 2777 1005 2853 99,
1028 2778 1078 2840 19.
1091 2791 1137 2858 etp.

74 3057 121 3119 ubi
140 3077 169 3122 r.
193 3074 298 3122 numm
319 3056 397 3122 Add.
419 3059 456 3136 11,
477 3065 508 3137 9,
528 3061 599 3124 tte:
627 3057 755 3141 quid...
774 3073 862 3118 meu
889 3055 923 3120 ed
940 3065 1045 3122 aduret
1065 3075 1140 3122 aau-

74 3145 132 3204 aa‘a
152 3146 192 3204 e'aa
212 3141 352 3222 θωαηο,
369 3153 400 3210 et
419 3145 471 3224 tv,
485 3151 514 3223 1,
530 3149 619 3211 tun:
641 3143 828 3208 Nanctum
848 3143 1027 3207 permutet
1043 3164 1139 3228 pap-

76 3231 133 3328 pte
153 3230 295 3292 tumne
305 3233 343 3290 ἐκ
356 3229 463 3294 nediu.
505 3233 573 3311 Qun
589 3231 627 3295 de
642 3251 697 3295 nau
709 3231 892 3314 pronominis
908 3233 1069 3314 posaeesiri
1087 3247 1139 3296 ae·

78 3317 201 3468 epatius
232 3313 358 3378 dim-ue
387 3317 520 3395 Quaeatt.
542 3319 581 3394 11,
601 3321 633 3382 9.
662 3333 734 3402 pag.
757 3322 828 3384 139.
849 3317 881 3466 ἵε
901 3321 953 3381 99.
984 3317 1029 3382 91.
1050 3335 1140 3402 prae·
1216 3352 1218 3361 ·

105 3421 155 3464 rea
175 3400 216 3464 ad
240 3411 371 3464 nuatrunt
392 3416 592 3486 argumentum
614 3403 653 3482 11,
676 3411 725 3481 14,
746 3407 797 3469 99.
818 3403 872 3480 11,
889 3407 920 3480 9,
942 3403 993 3466 Sd.

84 3512 91 3552 r
153 3487 201 3551 Da
227 3487 418 3569 inscriptione
448 3487 613 3569 Gpntiria
643 3489 887 3555 neuuniblnr
921 3489 993 3552 huie
1018 3489 1140 3573 petieri-

168 3573 267 3654 primu
295 3573 374 3636 libre
395 3576 433 3638 ab
461 3577 527 3658 ipeu
556 3586 648 3660 poete
668 3577 815 3642 teetneta
844 3591 874 3642 ι.
895 3573 1029 3654 Quaeutt.
1049 3573 1088 3654 11,
1107 3574 1138 3643 7.

85 3559 271 3783 pitimpp.
291 3659 347 3738 tlt,
365 3665 397 3724 9.
416 3677 446 3744 p.
467 3665 540 3727 999.
553 3679 619 3746 epp.

459 3823 669 3920 Elegia
710 3825 751 3899 Ι.

172 3965 353 4046 Argumenti
377 3961 600 4052 diapenitiunem
621 3966 834 4034 iliuatranitmna
852 3961 986 4043 Quanti.
1007 3961 1046 4028 L.
1063 3959 1087 4039 1,
1108 3965 1140 4028 θ’.

150 4055 178 4116 1.
199 4059 282 4134 etp.
303 4053 356 4118 93.
397 4053 442 4118 De
463 4057 603 4138 temperis
630 4071 704 4123 rere
723 4051 889 4120 radentem
918 4047 1045 4114 diximum
1065 4047 1140 4113 init.

143 4155 202 4220 .p.
225 4137 278 4204 15.
300 4153 346 4218 aq.
366 4157 393 4202 e.
414 4143 446 4206 9.
467 4161 497 4224 p.
519 4147 572 4208 nt.
593 4159 618 4204 r.
641 4145 672 4206 5.
694 4159 725 4224 p.
748 4143 800 4204 99.
823 4153 889 4220 epp.

113 4289 114 4292 ,
176 4221 458 4304 erepuerit.
500 4227 545 4291 lie
571 4229 691 4308 numine
717 4225 839 4308 pueliue
863 4231 894 4292 et
921 4219 960 4287 de
986 4221 1049 4286 ritu
1075 4217 1143 4282 aina

126 4305 206 4392 'tque
226 4307 316 4388 ride,
343 4327 421 4393 qnae
445 4315 631 4398 expnuuimun
651 4313 784 4394 Quaeett.
805 4309 846 4374 t..
863 4308 991 4457 thikp.
1011 4309 1064 4372 99.
1075 4321 1142 4388 app.
