2912 4920
443 299 452 365 ¹.
542 369 843 466 cingimus„
939 303 968 386 ἰ
1079 323 1215 456 ¹337

135 545 218 632 guod
237 549 350 632 aquis
378 548 614 632 compositis
634 548 778 628 lieret,
808 547 896 614 huius
916 551 963 616 rei
987 558 1109 618 conss
1129 551 1213 615 dice·
1250 599 1254 610 .

134 642 230 700 rotor.
279 635 347 699 Non
374 637 467 699 sensit
481 636 587 705 bouus
611 639 674 712 sir,
696 647 833 718 protnses
851 637 935 702 illos:
965 653 1043 702 cnm
1063 648 1214 719 ponunt

136 759 181 770 —
202 730 248 785 ct:
270 723 304 784 si
325 723 556 794 rarescit-
570 715 607 785 ἐκ
628 719 848 809 παραλλήλου
868 725 982 806 positas
1005 743 1081 799 esse,
1102 727 1145 788 its
1165 735 1214 790 tn-

136 827 222 885 men‚
248 815 281 872 ut
308 807 387 890 quod
415 819 523 874 nutura
555 812 639 891 prius
661 819 756 887 esset,
784 811 879 892 priori
906 811 974 878 loco
997 812 1212 890 assignaretur.
1292 874 1297 885 ,

35 913 46 924 ’
136 895 207 977 lpse
228 894 307 956 haud
330 895 447 959 inficete
469 911 527 978 pro
551 895 584 958 si
600 934 637 945 -
658 897 727 960 sub
751 897 880 980 scripsit,
900 898 933 960 in
955 915 1042 980 quatu
1062 900 1215 964 coniectu·
1246 954 1249 960 .

135 999 203 1046 ram
222 989 292 1044 suto
311 999 375 1044 eum
398 984 457 1043 iam
479 982 632 1046 Liuineius
654 983 811 1046 inciderat.
1192 981 1197 997 '

239 1118 269 1164 r.
292 1105 345 1166 Sl.
367 1101 575 1166 Ordionem
601 1111 752 1184 pastorem
778 1101 915 1168 inrocuri
941 1101 981 1166 ab
1000 1103 1121 1184 Ungero
1142 1103 1216 1170 edo·
1251 1170 1262 1183 ,

138 1195 204 1253 etus
226 1187 364 1268 intelligo
386 1189 457 1252 coll.
479 1189 618 1254 Gedreuo
639 1209 670 1272 p.
693 1194 745 1254 24.
760 1189 798 1253 b.

240 1318 271 1365 r.
292 1303 345 1364 40.
371 1300 410 1362 iu
436 1301 567 1364 multis
583 1335 622 1348 —
640 1301 753 1376 locis.
802 1301 879 1381 Apte
907 1299 1025 1381 quidem
1059 1298 1217 1365 uenierunt

139 1383 228 1451 orio.
249 1385 342 1450 Trist.
362 1387 417 1462 lll,
438 1393 469 1463 9,
485 1390 537 1452 28.
560 1385 599 1450 de
618 1389 764 1468 Absyrto:
795 1387 950 1468 diuisaque
971 1387 1139 1448 membra
1159 1405 1216 1467 pen

140 1489 235 1552 agros
256 1472 404 1554 Dissipat,
431 1475 463 1536 iu
491 1473 619 1537 multis
640 1472 816 1538 invenienda
839 1475 959 1547 locis;
981 1482 1010 1536 ct
1032 1472 1126 1538 luiso
1148 1473 1216 1556 plu·

139 1560 242 1633 rinos,
262 1561 312 1642 φιλ
331 1559 438 1622 Dirces
459 1577 567 1642 corpus
588 1561 693 1640 „rugis
713 1562 798 1624 bouis
819 1557 1001 1622 discursibus
1023 1558 1113 1621 foede
1133 1559 1216 1623 lace·

140 1655 238 1709 rutum
253 1656 283 1709 et
297 1663 405 1708 cruore
418 1647 511 1709 fluens
527 1649 556 1708 iu
572 1647 682 1710 iontem
707 1648 835 1709 solutum
852 1664 918 1710 esse
939 1647 1082 1722 derreut‚“
1104 1647 1218 1725 Unger.

141 1732 231 1796 docet
246 1731 267 1794 1.
283 1731 305 1795 l.
327 1751 357 1814 p.
372 1735 425 1796 92.
466 1733 506 1797 Et
527 1743 624 1797 tumen
646 1742 748 1809 restat,
770 1731 877 1814 inquo
899 1733 1034 1795 haerens.
1075 1731 1216 1796 Proiecto

1 1857 2 1876 .
141 1821 220 1884 euim
248 1817 339 1882 aliter
363 1816 495 1882 membre
524 1819 669 1902 dissipata
696 1819 832 1882 multis
861 1819 960 1882 locis
982 1835 1049 1882 esse
1071 1816 1218 1896 dicuutur,

1 1955 3 1966 ,
139 1905 235 1968 aliter
259 1922 366 1969 mors.
397 1903 482 1968 ,Nisi
511 1917 881 1988 mortem-corpus
908 1907 1004 1986 ipsum
1034 1915 1218 1968 mortuum

1 2030 3 2038 ,
140 1989 313 2072 siguificare
349 1989 453 2068 dicer.
507 1991 553 2056 ct.
578 1993 629 2058 El.
656 1993 696 2070 ΙΙ,
727 1995 778 2070 13,
805 1998 858 2056 22.
895 1989 1218 2072 Q.P.11,6.s.11.
1281 2017 1284 2026 ·

139 2079 169 2164 5.
191 2079 243 2142 28.
265 2079 332 2141 init.

244 2207 273 2253 u.
294 2191 348 2253 43.
368 2187 493 2253 Zethi.
515 2189 597 2254 Unus
610 2187 777 2253 Pucoionus
794 2187 923 2254 dstirum
942 2196 1092 2271 praesint:
1111 2189 1218 2253 Zeto.
1283 2229 1285 2234 ·

0 2285 3 2302 ’
142 2273 255 2354 „Ergo
277 2277 372 2339 Zetho
400 2278 453 2338 uni
474 2286 575 2358 partes
605 2275 688 2340 diras
715 2277 833 2352 tribuit;
868 2277 1010 2340 athho
1043 2276 1219 2354 alligatur.“

141 2363 237 2427 Recte
259 2361 376 2444 quidem
396 2361 450 2425 illc
472 2371 502 2426 ot
522 2371 608 2426 ncntc
630 2373 661 2426 et
683 2357 762 2446 quod
784 2380 849 2427 cnm
870 2363 1018 2426 annotatis
1031 2363 1140 2426 nostris
1164 2361 1219 2424 sub

140 2467 171 2514 r.
198 2451 249 2512 30.
280 2450 389 2530 optimc
417 2451 571 2526 conciunt,
598 2451 777 2532 pracsertim
806 2466 870 2512 cum
898 2449 1072 2530 Amphionis
1099 2465 1219 2529 quoquc

141 2535 277 2598 concutis
296 2537 397 2614 imago
422 2535 460 2598 nd
482 2535 597 2616 siguum
618 2526 694 2600 illud
712 2535 815 2600 nobile
837 2552 981 2616 expressa
999 2532 1217 2615 quodammodo
1295 2599 1298 2606 .

141 2619 293 2686 rideatur.
334 2622 410 2685 Nom
435 2621 500 2684 illic
529 2623 618 2685 ctiam
644 2624 789 2704 Amphion
817 2621 934 2684 citharn
961 2621 1121 2684 instruatur
1149 2637 1234 2692 cer·,

0 2729 4 2748 ·
142 2708 235 2771 uitur.
277 2707 390 2770 Temen
418 2705 455 2770 dc
481 2709 613 2786 genitivu
634 2709 747 2773 Zethi
777 2707 852 2770 uihil
879 2717 976 2781 curto,
1004 2707 1110 2769 nedum
1133 2721 1220 2769 ornus

144 2795 211 2858 cius
227 2809 331 2856 uomeu
353 2793 422 2854 hinc
442 2792 597 2855 delendum
617 2810 683 2856 esse
704 2793 818 2873 Repnio
842 2791 897 2872 (ad
918 2793 1004 2871 Virg.
1026 2791 1092 2855 Ecl.
1115 2793 1151 2867 ll,
1165 2795 1218 2855 28.
1288 2784 1293 2795 “

144 2879 199 2962 φιλ
220 2878 360 2943 laetum
373 2913 417 2923 —
429 2878 549 2966 Paeane
565 2877 683 2955 maluit)
700 2891 752 2942 sut
765 2877 935 2943 schrauero
957 2883 1027 2960 (pro
1046 2879 1073 2941 Z
1080 2880 1220 2940 etho-

143 2965 229 3030 latc
249 2964 440 3046 rescribenti)
462 2973 513 3028 aut
535 2964 662 3046 denique
683 2965 871 3029 Lachmnuoo
893 2963 1065 3028 concedam.
1110 2963 1221 3041 Quom·

146 3069 236 3135 φιιιιιι
256 3052 305 3115 bic
331 3053 439 3116 ceteris
466 3052 557 3115 multo
581 3053 770 3134 probabilius
791 3061 822 3116 et
841 3053 995 3130 ingeniose
1023 3059 1057 3112 ut
1085 3052 1135 3132 qui
1157 3067 1221 3113 mu·

144 3140 227 3202 xime
247 3138 331 3202 leto
352 3140 520 3220 proposuit.
563 3137 642 3216 Quid
662 3149 768 3215 umen,
795 3140 823 3202 ri
842 3147 926 3202 certa
947 3137 1095 3201 nominum
1117 3153 1222 3201 moou-

144 3233 247 3288 menta
270 3225 345 3287 illae
369 3225 509 3304 regiones
536 3225 717 3288 scrrsrunti
758 3225 794 3290 Si
820 3223 937 3288 Zethi
964 3232 1095 3308 prata,
1132 3223 1222 3286 sicuti

1 3320 7 3375 ¹,
144 3311 261 3378 Romae
285 3310 456 3376 Goclitis
484 3311 624 3374 semita
642 3311 709 3388 (lll,
733 3317 783 3388 ll,
806 3315 884 3388 ob),
915 3311 959 3374 sic
986 3312 1072 3373 iuxta
1098 3307 1245 3391 Thebas,

143 3392 338 3462 uisebantur?
381 3398 456 3461 Nom
479 3413 517 3462 uc
537 3399 735 3478 Aracynthum
758 3398 875 3480 pridem
897 3399 971 3461 satis
989 3397 1027 3460 ab
1046 3393 1121 3458 urbe
1140 3396 1221 3459 Tbe-

146 3484 231 3547 bsua
253 3492 283 3546 et
295 3483 386 3547 Dirce
407 3483 491 3552 loute
505 3493 647 3555 remotum
660 3483 761 3548 sedem
773 3485 947 3566 Amphionis
959 3483 1107 3546 facturum
1125 3481 1222 3544 luisse

145 3569 338 3651 Propertium
360 3569 559 3648 crediderim,
585 3571 644 3633 uisi
671 3571 702 3633 iu
732 3572 787 3634 hau
808 3589 926 3653 quoquc
954 3587 989 3633 ro
1010 3566 1058 3632 uel
1077 3567 1221 3630 historias

144 3664 267 3721 ueteres
293 3654 342 3719 rel
370 3656 489 3720 iobulcs
519 3665 550 3720 et
576 3657 820 3739 uominoprisco
847 3655 981 3720 locorum
1008 3653 1117 3716 iactum
1143 3651 1221 3717 illud

146 3742 292 3808 testantis
313 3751 430 3806 secutus
448 3751 538 3806 esset.
586 3745 700 3808 Laetor
720 3761 792 3807 uero
814 3743 936 3806 eaodem
962 3741 1162 3804 coniecturam
1181 3739 1223 3802 in

148 3846 241 3910 quam
263 3837 332 3892 aute
354 3845 408 3890 nos
437 3830 673 3894 Ouweusium
702 3829 846 3892 incidisse
873 3827 989 3892 doceor
1008 3827 1123 3905 (Nuctt.
1141 3825 1222 3906 llug.

147 3913 279 3990 111,.1t.
302 3913 438 3995 l·539·)
467 3915 590 3994 Ungero
613 3917 747 3998 probari,
776 3915 911 3980 urebas.
929 3911 1080 3979 Parndox„
1108 3931 1138 3997 p.
1167 3915 1222 3976 88.
1247 3930 1251 3939 ·

147 4001 205 4082 φιλ
225 4009 316 4064 totum
331 4000 414 4062 illum
432 4000 464 4064 iu
486 4013 585 4066 moute
598 4002 777 4066 Cithaerone
797 4011 933 4086 tractum,
954 4019 1010 4082 per
1031 4015 1116 4082 quem
1131 3997 1223 4062 llirce

146 4087 307 4151 dicebatur
326 4093 445 4168 raptato
466 4104 485 4149 a
504 4097 592 4153 tnuro
613 4087 679 4152 lero
701 4088 892 4170 appellatum,
913 4105 952 4152 ex
973 4088 1030 4149 hoc
1050 4085 1131 4148 lucto
1154 4099 1222 4146 esse

145 4189 326 4258 persuasum
353 4171 454 4236 babet.
504 4173 551 4237 llo
571 4175 790 4256 Aracyntho
817 4183 916 4240 autem
940 4171 1062 4258 ipsein
1086 4169 1222 4236 confiniis

93 4268 98 4276 '
142 4261 297 4326 Boeotiae
317 4267 348 4325 et
366 4259 483 4326 sturae
502 4259 559 4325 sito
582 4259 634 4326 adi
653 4262 776 4330 cundem
792 4279 824 4346 p.
845 4265 889 4330 89
903 4279 948 4346 sq.
