2912 4920
606 299 784 394 mebfflr
800 305 834 372 ⁷·
1184 304 1261 388 2⁸1

178 471 260 537 imm
278 487 315 536 aa
333 487 424 536 maer
444 467 566 536 holm.
588 471 620 534 lu
641 455 797 553 prbtlram
816 467 918 536 rede!
940 485 1181 556 murramque
1201 489 1252 538 re·

177 557 271 622 duxit.
313 557 378 622 Nec
398 565 509 622 tantum
532 565 629 621 tamen
658 557 756 621 laudis
774 557 894 622 inuento
917 559 981 621 eius
1008 559 1142 622 tribuere
1159 559 1251 624 debc-

176 641 241 706 bat.
291 642 369 722 Quid
400 645 476 706 anim
505 642 676 708 Naturae
704 645 788 709 uice
810 646 887 717 siut,
910 645 1027 708 minime
1052 645 1106 709 ille
1129 644 1251 709 demon·

177 731 297 804 etrarlt;
317 739 347 794 et
366 730 392 792 si
413 731 479 813 quis
500 730 634 794 mortis
651 731 699 795 uel
720 729 793 794 leti
813 731 899 793 nias
914 739 1130 794 —natnrae
1150 733 1249 798 uiam

178 815 240 878 dici
267 815 417 892 docuerit,
447 834 594 898 nunqnam
624 826 719 879 tamen
748 817 875 895 evincet,
903 823 935 879 ut
963 815 1066 878 alius
1094 816 1167 880 illae
1189 820 1249 883 sint
1293 823 1298 836 '

179 903 314 964 mortis
335 903 413 978 uiae,
433 901 489 964 nisi
508 903 581 978 eius,
603 919 681 982 quaa
702 910 843 965 natura
863 902 985 978 uenerit,
1005 920 1064 965 non
1077 904 1106 965 ui
1128 901 1248 970 adacta.

175 985 233 1050 ilic
254 1005 325 1058 uero
347 1005 401 1050 eae
423 993 465 1064 (u.
487 987 556 1066 30.)
579 1006 653 1068 quas
674 989 739 1070 inae
759 989 848 1051 bomo
870 995 977 1052 mortes
995 989 1116 1065 inuenit,
1143 991 1246 1054 artie
1290 1013 1294 1024 ·

175 1075 292 1136 uomina
313 1074 420 1136 cetaria
438 1085 639 1156 opponuntur;
661 1082 746 1138 arte
765 1076 859 1155 igitur
876 1083 1042 1137 naturae
1063 1076 1126 1138 uias
1141 1085 1246 1140 anctae

175 1159 279 1222 dicere
302 1158 459 1223 absurdum
481 1168 534 1234 est,
563 1159 677 1224 trustra
705 1159 856 1226 obnitente
877 1161 1013 1224 Beckero
1033 1160 1136 1240 (Eleg.
1159 1161 1244 1226 Rom.

175 1261 206 1330 p.
226 1245 381 1327 301.)ῃί
402 1245 486 1310 lata
507 1255 607 1310 censet
622 1258 824 1310 esaemortem
842 1256 1002 1310 naturae
1024 1245 1163 1322 debitam,
1184 1265 1245 1312 non

174 1331 322 1408 „bumana
336 1350 422 1394 mann
436 1335 562 1394 actam.“
606 1331 692 1410 Quod
712 1343 744 1394 nt
761 1333 907 1396 interdum
925 1351 1026 1396 rernm
1047 1333 1086 1397 alt
1108 1343 1138 1398 et
1152 1333 1243 1398 Gellii

172 1419 269 1500 possit
298 1419 476 1482 auctoritate
504 1417 671 1480 conllrmari
693 1417 745 1500 (N.
767 1421 825 1481 litt.
846 1417 928 1494 Xlll,
953 1420 1015 1498 l.),
1043 1428 1140 1482 tamen
1171 1437 1243 1484 con·
1284 1455 1287 1465 ·

173 1505 285 1566 erarius
315 1521 433 1585 quoqne
459 1523 530 1566 usus
557 1503 690 1586 plurimis
718 1512 849 1568 veterum
876 1504 952 1568 locis
982 1505 1122 1568 cernitur.
1178 1507 1242 1570 Nec

171 1606 244 1652 reru
266 1607 341 1652 nunc
358 1589 458 1652 lexico
479 1599 530 1652 aut
551 1589 742 1653 collectiones
764 1597 1005 1672 epigrammatum
1032 1591 1242 1674 scpulcrallum

173 1686 226 1739 aut
246 1675 307 1739 Glc.
328 1675 435 1739 librum
456 1692 569 1739 omnem
592 1674 629 1738 de
651 1676 726 1740 Fato
749 1677 896 1758 complice
920 1677 976 1739 lnoc
996 1695 1083 1742 unum
1104 1679 1242 1755 observo,

170 1762 220 1824 rel
246 1761 442 1825 uoluntarium
462 1773 582 1826 mortem
611 1763 701 1825 latum
719 1760 793 1837 dici,
822 1761 952 1843 al’rop.
973 1763 1019 1825 ΕΙ.
1044 1763 1096 1836 ΙΙΙ,
1115 1768 1146 1838 9,
1168 1767 1239 1828 no:

170 1847 338 1929 Antonique
351 1847 502 1926 grauesin
524 1867 590 1912 sua
609 1849 625 1910 l
631 1857 699 1912 ata
720 1867 829 1923 manua,
850 1847 928 1909 idem
941 1867 1013 1912 vero
1036 1849 1239 1928 obitosgenut

170 1933 260 1996 modo
288 1933 303 1996 Ι
309 1943 406 1997 atum
427 1933 590 2016 appellari,
619 1933 706 1996 modo
734 1935 814 1998 tato
837 1935 958 2016 opponi.
993 1934 1043 1998 ΙΙΙ.
1061 1935 1097 2011 ΙΙ,
1121 1940 1149 1998 Ι.
1170 1935 1240 2000 dm:

172 2019 322 2101 Tullaque
342 2021 523 2082 illacrimans
544 2029 641 2083 mutae
663 2021 729 2084 iace
750 2021 842 2084 uerba
868 2019 1005 2084 laudicea
1033 2019 1109 2084 Huic
1129 2023 1238 2084 misera

170 2106 287 2168 lutum
311 2105 575 2186 durapuellaluit,
600 2115 628 2170 et
650 2125 752 2170 rursus
775 2105 825 2182 ΙΙΙ,
847 2111 898 2180 21,
920 2109 988 2170 33.=
1012 2105 1096 2170 lato
1118 2109 1241 2184 moriar,
1331 2145 1335 2166 .

169 2209 243 2254 non
265 2191 343 2274 turpi
362 2192 474 2254 fractus
494 2209 629 2255 amore.
652 2192 728 2256 Add.
750 2193 774 2267 1,
799 2195 848 2267 17,
869 2195 918 2255 ll.
940 2191 990 2267 ΙΙΙ,
1013 2196 1064 2268 22,
1084 2195 1135 2258 58.
1165 2193 1241 2258 Hinc

168 2286 307 2359 qnantum
337 2276 475 2342 diberent
509 2295 655 2362 quamque
695 2279 837 2342 contrarii
866 2279 965 2360 potior
993 2278 1052 2342 rint
1079 2277 1240 2343 Claudiani
1266 2287 1269 2298 '

169 2382 275 2430 uenena
297 2361 413 2444 (Praei.
434 2363 460 2427 Ι.
482 2362 520 2426 ule
540 2363 576 2430 ΙΙ.
595 2365 628 2428 Ρ.
651 2365 731 2442 init.)
762 2365 901 2426 aBnnm.
923 2362 1008 2426 allati
1028 2376 1170 2450 apparata

337 2465 446 2516 iuuenta
464 2466 546 2517 reetril
566 2467 609 2533 qui
625 2467 727 2531 primos
745 2481 812 2517 nove
828 2465 987 2530 profondum

373 2535 409 2586 to
427 2534 536 2587 madibus
552 2537 631 2586 remia
647 2535 798 2588 sollicitauit
815 2549 913 2600 equor,

342 2601 392 2666 Qua
408 2601 494 2654 drebiir
512 2617 594 2654 cosae
612 2609 770 2654 committere
785 2599 892 2666 rictibus
910 2603 1008 2669 cluam,

376 2668 448 2734 Quae
466 2671 609 2722 Notiora
626 2677 737 2738 neunt,
752 2669 875 2737 praemit
893 2678 973 2722 orte
990 2671 1076 2725 eloe.

164 2758 224 2824 Ubi
250 2775 323 2822 non
352 2775 418 2822 esse
448 2775 499 2820 aaa
528 2766 687 2819 naturae
715 2757 779 2820 rias
810 2757 884 2819 satis
914 2768 1018 2840 aperte
1054 2756 1235 2824 declaratur.

164 2847 348 2929 Quamquam
370 2845 399 2907 in
420 2843 477 2907 boc
497 2861 614 2925 qnoque
635 2843 734 2904 Rurm.
754 2841 924 2918 caecntluit,
950 2841 1029 2925 quod
1052 2861 1237 2926 nequaquan

165 2935 230 2996 illic
253 2931 389 2994 mortis
411 2931 491 2992 uias
513 2929 735 2990 commemorari
751 2929 922 2990 consensit.
937 2963 971 2977 ·-
1020 2929 1132 2994 Contra
1149 2932 1236 2994 For-

164 3027 253 3082 tuna
275 3035 426 3080 commune
446 3022 491 3078 est
510 3015 704 3090 uocabulum
722 3015 797 3077 llaec
815 3024 912 3075 sortes
931 3013 1076 3078 candidae
1095 3017 1236 3096 nigrasse

164 3105 235 3180 lert,
257 3107 319 3167 aire
340 3114 464 3166 naturae
486 3119 544 3183 ope
565 3119 622 3163 unsa
640 3102 702 3163 siue
722 3101 751 3163 ul
774 3109 802 3164 et
830 3099 944 3162 artibus
966 3103 1108 3165 bunonis.
1157 3103 1233 3166 For-

162 3201 255 3264 tunae
276 3191 364 3252 riaa
387 3189 532 3262 dicuntur,
554 3204 728 3269 qtracnnque
749 3185 788 3249 ad
810 3203 864 3248 nos
880 3189 1055 3250 accesserit:
1077 3189 1132 3251 bas
1151 3188 1234 3252 riae

162 3275 359 3360 pericnlls'et
379 3293 478 3338 rerum
496 3275 684 3336 humanarum
707 3271 1003 3336 discriminibus
1024 3274 1151 3337 auctis
1172 3293 1233 3336 au·

165 3365 233 3443 geri
253 3364 334 3444 ipsas
356 3371 466 3424 certum
489 3369 543 3423 est.
592 3359 758 3438 Quinimmo
781 3357 847 3442 plns
869 3359 899 3420 in
923 3358 1036 3422 damnis
1057 3361 1086 3424 ri
1112 3368 1143 3424 et
1162 3377 1234 3422 con·

164 3449 236 3512 silio
258 3451 403 3511 bominum
416 3447 508 3509 illatis
523 3445 680 3520 dominari,
699 3463 784 3526 qinom
803 3445 833 3506 in
856 3445 1050 3522 naturalibus,
1072 3447 1232 3510 communie

163 3552 219 3600 nec
239 3535 319 3598 laisa
340 3533 517 3597 existimatio
539 3541 591 3594 est.
614 3565 655 3574 -
700 3531 813 3594 Contra
834 3543 915 3594 recte
1124 3589 1126 3600 ,

133 3643 147 3652 ·
268 3639 297 3685 r.
320 3624 371 3686 ³7.
395 3617 539 3682 Natrnra
560 3617 618 3678 dea
638 3615 769 3699 prudens
791 3627 888 3680 terras
901 3619 1020 3680 Oceano
1036 3613 1233 3692 dissociabili,

162 3716 197 3771 nt
219 3708 263 3770 ait
283 3707 345 3782 ille,
366 3705 529 3768 abscidisse
552 3703 670 3766 dicitur.
722 3702 809 3784 Quod
832 3703 883 3784 qni
904 3711 996 3782 negat
1016 3703 1231 3767 Marklandns:

162 3793 327 3871 „Natura“,
347 3793 451 3872 lnquit,
473 3792 604 3871 „optima
619 3788 678 3851 dcx
690 3799 719 3852 et
735 3798 829 3851 mater
848 3807 993 3872 nunquam
1015 3789 1140 3851 insidias
1153 3805 1232 3851 mor-

161 3881 273 3944 talibus
295 3881 417 3942 struit‘:
439 3878 487 3958 pie
508 3876 560 3939 ille
575 3875 691 3958 qrtldem
713 3876 908 3952 etreligiose,
929 3875 1007 3937 lalso
1023 3884 1128 3937 tamen.
1171 3875 1232 3939 Ne·

162 3985 220 4048 qne
244 3967 320 4028 enim
337 3967 520 4027 acutissimos
542 3963 701 4026 Britannus
723 3959 946 4042 praeteruidere
966 3960 1104 4034 debebat,
1126 3962 1233 4023 iustam

161 4053 220 4115 dici
243 4052 327 4115 deam
348 4067 465 4112 suerrum
486 4048 584 4129 legum
598 4051 750 4122 uindicem,
773 4049 882 4128 qnippe
904 4065 981 4128 qliae
999 4047 1157 4110 secundnm
1180 4065 1232 4110 eas

161 4138 327 4204 nitentibus
352 4137 521 4218 opituletur,
550 4135 681 4198 auaris
708 4142 819 4198 tantum
840 4151 966 4214 poenam
988 4137 1118 4197 meritum
1142 4133 1232 4196 maria

161 4225 297 4308 pericula
326 4232 355 4286 et
379 4221 503 4285 insidias
530 4221 689 4283 subsinuat.
735 4219 802 4282 lure
828 4219 913 4281 illud.
957 4219 1041 4296 liam,
1070 4228 1102 4282 ut
1123 4219 1228 4282 Senec.

160 4312 197 4392 Q.
221 4311 413 4387 ll.v,1o.2·
441 4305 500 4371 Per
526 4307 674 4371 bominum
700 4305 922 4389 deorumque
950 4304 1029 4368 iras
1058 4304 1098 4370 ad
1127 4321 1231 4368 curum
