2912 4920
575 343 676 454 cleg.
689 361 751 450 111,
775 367 828 434 ta
981 353 985 370 '
1176 375 1273 474 343,

172 540 265 608 etism
291 557 329 604 ns
347 555 412 614 rer,
440 555 527 620 puers
555 539 752 622 puntlmus
779 550 809 604 et
832 537 1065 621 iaculamur,
1091 549 1246 630 percuti

171 626 291 694 elicitur.
335 625 387 690 stc
408 623 496 691 Otitl.
512 625 587 692 Met.
604 625 736 701 V1,58.:
758 628 964 690 subtemen-
978 630 1174 698 Percusnn
1198 635 1244 699 ie·

170 714 253 780 rinnt
275 713 382 776 insecti
401 711 557 792 pectine
578 711 691 778 dentes.
741 713 852 778 Peeteu
874 715 950 778 enim
971 735 1030 781 nou
1058 729 1244 800 penetra·

169 808 244 875 tur,
263 797 315 862 aeti
338 799 402 879 ipse
423 807 608 878 penetrat
629 800 791 864 subtemen.
834 799 913 878 Quin
933 801 1048 886 absque
1068 807 1243 886 penetrandi
1301 841 1307 848 ·

168 887 290 949 notione
310 884 385 948 ibid.
405 883 456 962 Vt,
477 888 546 950 ee:
575 883 702 962 „Qualis
733 887 771 948 ab
798 885 894 950 imbre
922 888 1000 953 solet
1027 907 1242 972 percussos

167 971 325 1034 solibus
346 987 513 1033 arous—
537 969 661 1034 inicere
689 973 804 1052 ingenti
831 972 952 1052 longum
974 976 1143 1042 curuamine
1171 995 1241 1043 coe·

165 1056 258 1134 lum,“
283 1055 364 1138 quod
392 1057 443 1138 poi
464 1072 523 1118 nou
544 1057 762 1134 intellexerant,
782 1067 991 1125 correxerunt:
1024 1067 1239 1144 percussis.
1335 1110 1338 1116 -

165 1143 307 1210 Frustrar
327 1160 394 1206 nam
417 1141 462 1204 ab
483 1141 755 1224 imbre-post
776 1143 931 1208 imbrem
954 1154 1008 1223 est,
1059 1165 1240 1216 ercussus

164 1245 238 1292 rero
258 1228 414 1293 solibus
436 1245 525 1292 areos
541 1238 594 1302 est,
617 1225 764 1309 quassat
779 1248 834 1312 per
847 1249 947 1296 serem
960 1167 1117 1299 tacuisses.
1153 1235 1239 1302 Citra

165 1316 244 1381 euim
276 1313 488 1379 dubitationem
517 1313 673 1378 mauiicato
701 1315 786 1398 virg.
815 1320 889 1380 beu.
912 1317 990 1394 vltt,
1012 1325 1080 1385 22.;
1110 1319 1238 1386 lumen
1376 1336 1381 1346 “

163 1399 239 1466 Sole
260 1417 540 1482 repercussum.
586 1401 830 1482 Quemquamne
853 1403 916 1466 illie
939 1403 1238 1486 quitenletueruut,

163 1489 215 1570 spui
244 1486 398 1578 enallages
426 1487 599 1635 praestigiis
634 1485 729 1550 locum
766 1489 1017 1570 expeditissimum
1052 1492 1250 1574 intricareut,¹

162 1587 228 1636 com
250 1583 347 1636 mntem
363 1575 394 1636 in
415 1591 468 1634 rer
490 1589 507 1634 o
530 1574 693 1654 composito
714 1585 969 1656 repercutere
1001 1575 1057 1641 ilie
1081 1595 1169 1662 quum
1191 1580 1236 1644 11·

160 1660 259 1724 nimus
279 1657 458 1740 significatio
476 1657 608 1740 vulgaris
628 1659 688 1722 iam
706 1669 736 1722 et
755 1662 879 1743 propria
895 1662 977 1725 iacta
997 1663 1046 1728 sit.

261 1789 290 1837 ι.
315 1775 364 1836 19.
392 1770 590 1850 Sanguiute
617 1778 690 1834 tam
709 1789 843 1852 pauso.
872 1772 987 1838 Parrus
1010 1793 1035 1837 s.
1058 1773 1168 1840 dieitur
1190 1784 1236 1841 ut·

159 1865 233 1942 pote
252 1857 339 1920 exilis
362 1865 392 1922 et
410 1857 552 1937 ignobilis
568 1858 693 1920 lromiuis
716 1857 808 1922 caede
830 1858 922 1935 lusos,
944 1861 1082 1944 enallage
1102 1861 1235 1927 illarul·

159 1941 932 2030 ειιιί1111111.Ω.Ρ.11,6.ι.11.1211.
956 1950 1028 2010 114.
1069 1946 1153 2011 Haec
1174 1949 1261 2027 igi-'

156 2040 208 2094 tur
237 2031 398 2094 sententis:
426 2028 500 2106 Quis
531 2039 589 2092 tam
617 2029 726 2110 exigna
755 2031 881 2094 uictoria
903 2030 1040 2108 laetetur,
1070 2033 1149 2098 untle
1175 2051 1232 2098 uec

158 2116 301 2198 praedam
316 2115 512 2196 uecgloriam
527 2114 699 2181 rettulerit?
720 2115 806 2196 Quod
828 2133 887 2180 nou
909 2135 1068 2194 monerem,
1088 2120 1146 2182 nisi
1167 2136 1232 2184 cum

158 2212 260 2268 retere
281 2203 409 2267 Medeae
431 2203 526 2264 ariete
545 2210 663 2282 poetam
684 2203 860 2282 comparare
874 2204 1086 2286 interpretibus
1099 2204 1232 2287 placuis-

157 2299 214 2366 set,
236 2289 307 2356 coll.
328 2286 684 2362 oril.tttetv11,ete.:
707 2289 851 2369 exiguo
870 2291 1028 2356 macularit
1044 2291 1234 2370 sanguino

156 2375 282 2440 terrun.
333 2375 452 2454 Quanto
480 2375 590 2438 rectius
617 2375 872 2455 Strucltmeyeroo
900 2375 988 2442 (ibae.
1017 2375 1091 2441 Grit.
1119 2377 1231 2453 tt,1o.

158 2479 190 2545 p.
214 2466 286 2526 111.
318 2479 471 2544 parrum
494 2463 710 2539 sanguinem
734 2461 865 2544 explicat
884 2479 1040 2544 parram
1064 2463 1230 2542 caedem,

158 2556 251 2630 ntap.
266 2545 634 2622 Statheb.Vlll,573.:
656 2563 812 2626 magnus
832 2547 996 2629 sanguis
1013 2565 1071 2632 pro
1092 2565 1230 2630 magna

159 2634 276 2698 eaesis
300 2641 404 2709 est-et
424 2649 544 2712 parre
563 2650 670 2696 arms
696 2631 803 2696 Cicero
824 2631 896 2697 dicit
916 2633 954 2698 le
970 2633 1027 2699 Oli.
1048 2635 1073 2712 l,
1085 2639 1137 2698 22.
1156 2651 1230 2699 eon·

158 2720 326 2784 temneutla.
353 2720 475 2784 Pravo
507 2719 697 2797 sauguine
718 2719 821 2782 mirum
845 2727 890 2784 est
913 2719 1055 2784 Dorrillii
1081 2721 1229 2786 iurentum

157 2807 213 2884 (atl
234 2806 348 2870 Glarit.
368 2805 419 2882 tv,
440 2802 503 2884 2.);
544 2801 661 2868 seilicet
680 2803 881 2869 nefandam
902 2807 1023 2870 caedem
1043 2805 1200 2874 intellexit.

258 2941 286 2986 ι.
303 2926 354 2986 20.
378 2919 559 2984 exclusis.
581 2917 760 3002 Gorroptum
774 2937 840 2983 esse
854 2921 973 2984 uerbum
986 2921 1227 3004 primnsbacbm.

155 3009 323 3091 suspicatus
350 3016 405 3070 est.
455 3007 518 3070 Nec
546 3017 643 3070 tamen
669 3005 801 3068 leliciter
831 3007 895 3088 ipse
924 3017 960 3072 et
984 3025 1124 3072 cursus
1145 3009 1226 3074 enni.

154 3095 226 3159 iliat
248 3097 323 3158 euim
344 3093 529 3174 compositio,
548 3110 603 3154 uec
623 3101 691 3174 post
711 3094 974 3172 interrogationem
992 3099 1031 3156 ct
1049 3092 1124 3156 iilud
1143 3085 1226 3159 recte
1249 3155 1253 3162 ,

153 3181 249 3258 sedet,
269 3201 308 3244 ne
330 3179 367 3243 tle
389 3181 480 3244 nimiu
499 3180 653 3242 literarum
675 3177 843 3242 differentia
859 3179 965 3244 dicam.
1007 3179 1164 3244 Facillime
1185 3179 1225 3244 ati

153 3268 210 3334 bas
237 3277 315 3330 esset
336 3267 498 3340 correctio:
527 3266 683 3346 [mprobus
712 3263 863 3329 naaliel
884 3267 948 3329 lis
961 3265 984 3330 1.
1005 3299 1048 3316 -
1067 3275 1100 3330 ιιι
1120 3285 1157 3329 ue
1179 3266 1224 3332 sic

154 3352 274 3436 quidem
293 3354 505 3436 Propertianua
525 3352 615 3418 luerit
636 3369 749 3418 uersus.
795 3349 901 3438 ltaque
921 3351 1051 3416 fortasse
1071 3351 1138 3434 puis
1161 3369 1223 3436 ma·

148 3437 258 3504 'luerita
282 3439 392 3508 exilii
410 3439 443 3502 iit
464 3456 490 3504 c.
512 3440 533 3501 i.
553 3439 588 3504 V.
631 3437 734 3518 Neque
759 3438 845 3513 euim,
872 3437 952 3520 quod
978 3445 1084 3519 sponte
1105 3436 1223 3502 iutelli-

154 3536 255 3608 gatur,
279 3535 349 3608 post
369 3525 453 3591 exilii
472 3524 528 3588 iris
549 3523 598 3587 rel
624 3523 701 3595 atleo
721 3523 808 3588 huic
836 3523 1010 3588 iterandum.
1051 3523 1222 3588 Exilium

40 3663 44 3670 .
153 3621 251 3676 autem
266 3629 440 3676 errorem
453 3609 622 3690 significare
632 3609 737 3690 procul
747 3608 834 3671 deno
848 3611 1222 3688 circumvagantium,sstit
1244 3659 1253 3680 .

152 3697 253 3764 notum
275 3705 330 3762 eal.
373 3696 434 3760 Sed
449 3695 573 3782 uulgata
595 3711 713 3778 quoqne
735 3694 858 3759 tielentli
877 3695 982 3777 possit,
1002 3712 1068 3758 cum
1082 3695 1145 3760 Cic.
1161 3713 1220 3778 pro

153 3783 272 3849 Gluent.
307 3801 443 3864 sagrus,
474 3781 600 3857 exsul,
641 3780 826 3846 exclusus
860 3789 1009 3863 tamquam
1043 3774 1219 3862 συνώνυμα

153 3874 324 3950 coniungat,
345 3867 433 3933 molo
455 3886 494 3932 ne
518 3868 714 3932 exclusum
736 3867 886 3932 loribus
908 3867 1062 3943 amicae,
1081 3877 1116 3932 ut
1136 3869 1219 3950 prio-

148 3975 202 4024 res
223 3957 412 4038 interpretes,
432 3953 486 4018 sei
506 3955 737 4018 commercio
757 3955 945 4018 bominum
966 3953 1130 4034 intelligas.

252 4085 282 4131 r.
303 4069 355 4128 21.
375 4065 454 4130 buc.
497 4063 549 4130 Sic
569 4065 646 4128 libri
663 4063 737 4140 <nou
757 4067 860 4142 baec,
882 4062 962 4146 quoti
984 4064 1131 4146 aaneto
1144 4063 1221 4142 estin

151 4161 252 4218 recten
289 4150 329 4214 atl
355 4151 463 4214 lunera
491 4159 522 4213 et
548 4150 587 4214 at
617 4169 740 4232 rogum,
774 4153 825 4234 qut
854 4144 1012 4231 unguentis
1038 4151 1144 4218 inlusis
1172 4152 1219 4212 in·
1275 4145 1278 4154 ’

152 4241 255 4322 spargi
270 4237 398 4312 solebat,
418 4247 448 4304 et
463 4235 565 4304 otieris
578 4253 671 4302 cansa
682 4246 721 4322 et
733 4241 766 4298 nt
778 4239 913 4302 lammae
926 4236 1088 4302 alerentur.
1110 4237 1157 4302 tlt.
1169 4235 1217 4300 El.

152 4327 191 4406 ll,
215 4329 264 4402 12,
286 4327 338 4389 ³⁰.
374 4323 425 4404 tv,
444 4327 474 4402 1,
497 4325 549 4390 12.
592 4323 763 4389 Subiectum
790 4331 887 4390 sutem
913 4325 1057 4392 enuutstt
1083 4341 1123 4390 ne
1154 4337 1219 4388 cum
