2762 4902
173 361 177 380 .
252 325 331 410 503
382 432 385 443 ,
586 283 845 404 Commemtariba
864 333 900 398 iu
920 332 1017 420 Prop.

254 507 389 590 patuit
416 505 473 569 boo
493 504 590 568 iorum
616 505 762 568 ioiernum
779 505 948 568 assimulari
968 523 1029 568 mou
1061 506 1321 589 praeterrilissett

254 623 297 640 -·
314 611 379 656 uam
402 592 594 674 praeclarum·
610 593 647 652 iis
670 591 830 671 exemplum
846 591 974 671 llepoius
996 595 1175 673 praeiverat
1187 593 1259 658 Eae.
1273 596 1319 658 xt

224 682 228 691 '
254 677 293 742 etl
317 679 402 758 Virg.
424 682 498 740 Aen.
520 678 571 753 Vl,
592 681 666 740 430.
689 711 740 754 -,
761 689 857 741 tamea
886 695 980 758 neque
1007 675 1186 744 it'rtlioiorum
1200 682 1319 758 ‚ittorua

253 765 443 844 antiquitates
462 782 559 826 omues
588 783 642 826 aec
664 764 848 840 singulorum
872 767 1025 826 uerborum
1046 766 1084 826 atl
1108 768 1154 828 ios
1175 770 1321 849 pertimeo·

252 851 325 912 tium
346 851 728 932 significationespreprias
753 851 824 912 satis
839 851 1008 930 exploratas
1023 851 1202 916 babuerunt.
1239 854 1319 930 Quot

252 937 428 1018 primumia
450 933 903 1016 r.18.iuterpretarrrlouoouit,
923 953 986 998 oum
1009 939 1095 999 iura
1116 939 1211 1002 dare
1233 941 1318 1020 louge

253 1021 336 1084 aliud
369 1021 440 1104 quitl
469 1031 553 1085 acuet
580 1033 668 1103 atque
697 1024 755 1082 ios
777 1020 906 1086 dicere
928 1023 989 1084 sire
1011 1023 1207 1088 iudicare.
1262 1029 1318 1090 llos

253 1109 329 1172 emim
353 1111 425 1183 (ius
447 1108 596 1182 dicere)
629 1126 691 1170 curu
711 1117 768 1168 tam
789 1107 936 1168 iudicis
956 1112 1092 1190 sitqaara
1115 1113 1319 1190 magistra·

250 1203 332 1267 tas,
359 1197 488 1261 altero
509 1195 626 1256 illorum
649 1195 761 1256 trium
790 1193 1010 1268 uerborum,
1039 1197 1146 1275 quibus
1173 1202 1319 1278 praetoris

252 1279 353 1342 oiiicia
382 1283 569 1345 contineatur
597 1279 670 1355 (do,
692 1279 788 1354 dico,
811 1279 959 1354 addico,
987 1281 1024 1342 oi.
1048 1281 1196 1346 varab.
1222 1285 1259 1346 L.
1271 1286 1318 1360 ll,

116 1415 122 1432 ,
253 1370 304 1432 tu.
326 1367 431 1430 Maeli.
451 1367 588 1430 Macrob.
608 1365 671 1427 Sat.
691 1365 715 1440 l,
740 1370 787 1428 16.
810 1365 940 1446 luterpp.
955 1365 992 1428 ad
1008 1366 1190 1442 (luibfast.
1207 1368 1319 1446 1,tt.t.

251 1452 413 1532 significari
441 1463 533 1534 patet.
584 1451 696 1514 Goatra
723 1451 814 1513 clare
847 1464 969 1530 praetor
996 1455 1136 1528 actiones,
1165 1454 1319 1532 lormulaq

249 1537 375 1614 iudices,
396 1539 489 1616 leges,
510 1538 607 1602 edicta
628 1537 813 1616 intelligitur.
837 1538 882 1600 Gi.
906 1536 990 1600 Reia.
1015 1537 1050 1600 da
1072 1539 1318 1605 infectatus

249 1641 281 1704 p.
302 1627 377 1690 406.
420 1626 532 1702 Quibus
555 1625 703 1698 omuibus,
727 1625 850 1684 maxime
872 1641 944 1686 tero
967 1623 1093 1686 edicto
1116 1640 1318 1706 perpetuo,

250 1711 388 1791 quoniam
403 1729 462 1772 moa
477 1713 586 1790 exigua
605 1729 675 1789 pars
698 1711 798 1772 iuris
820 1709 915 1771 ciuilis
931 1711 1135 1796 continebatur
1159 1714 1219 1786 (oi.
1234 1714 1319 1777 lietb·

249 1798 497 1875 mauu-llolueg.
526 1797 563 1858 de
587 1798 666 1859 Actt.
686 1793 807 1856 Priratt.
838 1795 874 1857 T.
897 1793 919 1856 Ι.
940 1814 969 1876 p.
995 1797 1069 1872 16),
1095 1807 1181 1860 recte
1210 1801 1319 1881 aliquis

250 1883 339 1944 etiam
362 1895 530 1966 praetorem
558 1883 645 1943 iura
672 1879 829 1942 dedisse
859 1881 984 1957 dixerit,
1012 1883 1097 1943 morlo
1119 1883 1180 1946 boc
1207 1894 1319 1960 terreas,

249 1968 338 2030 iura
365 1970 437 2031 dare
459 1971 508 2032 uix
528 1967 610 2030 aliud
638 1985 703 2029 esse
725 1977 814 2047 atque
844 1967 1017 2029 condere
1043 1969 1129 2030 iura
1157 1968 1320 2053 legumque

247 2052 390 2116 iormulas
416 2057 613 2130 constituere,
646 2053 750 2133 quibus
780 2061 808 2114 et
835 2053 914 2114 cites
944 2053 1114 2116 etiutlices
1151 2065 1320 2122 teneantur.

247 2141 362 2218 Aperta
382 2158 431 2203 res
462 2151 506 2204 est
526 2141 592 2202 Lir.
614 2138 688 2211 138,
715 2143 756 2200 1.;
776 2137 948 2218 (Romulus)
970 2150 1076 2202 uocata
1094 2139 1130 2201 atl
1156 2144 1318 2209 coraibus

246 2223 449 2301 multitudiue,
475 2243 550 2306 quae
571 2223 742 2286 coalescere
762 2224 791 2284 iu
813 2226 915 2304 populi
936 2225 1020 2289 troius
1040 2243 1148 2306 carpus
1172 2229 1264 2292 mulla
1281 2249 1320 2306 re,

268 2317 454 2390 raetetquam
483 2311 647 2389 legibus.
662 2317 790 2388 poterat,
815 2313 896 2371 iura
918 2308 1031 2387 optio
1079 2309 1319 2380 0sitl.b1etam.

276 2394 311 2469 V,
329 2399 403 2462 606.
424 2397 475 2460 ubi
495 2397 620 2477 Cipus,
643 2413 727 2476 quem
747 2395 873 2456 laturum
888 2396 975 2459 Urbis
998 2396 1142 2458 domiuum
1165 2397 1236 2462 fata
1251 2421 1318 2482 pot·

246 2480 418 2544 teoderaut:
440 2483 533 2560 Quem
555 2481 638 2544 robis
660 2479 772 2542 iudicat
793 2500 898 2560 augur,
921 2483 955 2544 Si
969 2483 1088 2546 Romam
1101 2483 1244 2565 intrarit,
1265 2489 1315 2552 la·

245 2567 412 2632 titularis
432 2569 519 2631 iura
540 2567 722 2630 daturum.
765 2565 810 2629 ltl.
832 2570 924 2630 rtrum.
947 2568 970 2643 l,
994 2573 1044 2642 ll,
1062 2571 1131 2630 ab:

266 2704 274 2734 ¹
351 2666 1045 2790 '‘ribillam‘'slilslllillilifii‘
1061 2671 1167 2739 '‘⁹²'’

244 2821 297 2886 ubi
317 2823 448 2888 absurda
468 2832 547 2888 esset
568 2824 733 2899 translatio,
755 2825 782 2885 si
804 2842 822 2885 a
842 2823 908 2886 iure
931 2825 1057 2888 tliouurlo
1078 2824 1198 2889 tusum
1219 2827 1314 2894 loebe

212 2975 214 2982 ,
243 2925 302 2984 res,
325 2909 516 2992 lepidissima,
537 2909 562 2972 si
583 2927 721 2972 summum
740 2910 849 2971 amoris
870 2909 1022 2993 imperium
1044 2919 1072 2974 et
1092 2911 1317 2990 legislationem

244 2994 393 3058 Goriuuae
417 2997 587 3079 permissam
622 2995 780 3074 intelligas.
830 2993 904 3058 llimc
933 2997 1045 3060 demum
1071 3008 1183 3076 quanto
1217 2999 1314 3063 imter-

243 3083 412 3161 pretatioui'
432 3082 572 3162 vulgatae
597 3088 726 3161 praestet
758 3081 891 3162 Propert.
920 3083 977 3158 lll,
1007 3086 1060 3156 tt,
1088 3088 1141 3146 46.
1180 3089 1313 3149 sember:

243 3165 412 3231 Romana
431 3169 508 3230 enim
529 3167 616 3228 iura
636 3164 915 3245 legibus-barbaris
939 3179 968 3232 et
989 3169 1178 3250 Aegyptiacis
1201 3173 1311 3253 expul-

242 3271 341 3316 surum
364 3271 396 3316 se
419 3271 484 3316 esse
505 3253 665 3332 Cleopatra
687 3253 821 3315 minatur.
864 3251 940 3318 Add.
967 3255 1050 3334 Virg-
1072 3258 1145 3318 Aeo.
1166 3256 1191 3330 l,
1214 3263 1311 3322 292:

243 3339 327 3403 Gaas
345 3339 434 3402 Fides
454 3350 484 3403 et
503 3339 608 3410 Vesta,
636 3337 727 3399 Remo
758 3329 822 3398 bum
850 3336 942 3402 iratre
964 3341 1105 3419 eririqus
1127 3341 1218 3405 lura
1243 3344 1312 3406 tla-

242 3423 346 3501 buat,
367 3433 397 3489 et
417 3424 503 3488 eund.
518 3423 704 3498 t.t.v‚75u
727 3423 780 3484 ubi
800 3425 933 3498 Acestes,
954 3426 1151 3506 Segestam
1175 3430 1313 3492 comali-

161 3513 164 3525 '
241 3518 358 3585 turus,
375 3531 495 3594 prorsus
514 3517 547 3572 ut
567 3528 658 3588 supra
680 3508 835 3571 llotaulus:
863 3511 994 3592 patribus
1021 3511 1083 3574 (lat
1105 3513 1195 3576 turs
1215 3532 1313 3578 uoca-

236 3595 293 3658 tir.
313 3598 384 3659 ibitl.
406 3598 438 3672 1,
467 3600 556 3663 bots
585 3595 695 3673 (Dido)
717 3594 821 3670 „lura
844 3595 959 3659 dabat
985 3597 1173 3679 legesque
1201 3599 1313 3674 tir-is“,

241 3679 293 3742 ubi
314 3684 474 3746 rectissime
496 3681 633 3746 Seruius:
660 3680 731 3756 ,lus
755 3681 896 3760 generale
924 3693 985 3758 est;
1014 3682 1067 3745 sed
1092 3684 1142 3746 lux
1163 3685 1240 3746 iuria
1266 3694 1311 3748 αἱ

241 3769 367 3846 tpecies.
409 3770 533 3835 llomest
553 3785 625 3844 ergo
648 3768 784 3828 iteratio“
806 3799 858 3841 ·-,
878 3768 955 3830 ialso
974 3767 1120 3849 llepuius:
1140 3771 1258 3848 „iura
1281 3778 1311 3832 et

239 3852 355 3931 leges
376 3853 469 3917 tlara
486 3853 559 3916 uibil
578 3851 660 3915 aliud
685 3871 769 3934 quam
792 3852 850 3913 ius
864 3853 1022 3916 -dicere“
1052 3873 1119 3918 esse
1139 3855 1307 3936 praelicat

240 3937 288 4002 cf.
317 3947 471 4022 praetcrea
497 3955 599 4003 comm.
630 3938 667 4002 acl
693 3939 740 4000 El.
762 3937 814 4012 lll,
834 3941 865 4011 9,
891 3943 959 4006 ut..
983 3939 1086 4021 ltaque
1111 3941 1198 4019 virg.
1225 3945 1306 4004 tter.

238 4023 319 4102 vltt,
341 4028 413 4089 670.
441 4025 519 4106 piis
542 4024 688 4087 dautem
714 4025 803 4086 iura
825 4023 1013 4101 (latorem,
1040 4044 1097 4088 uou
1120 4025 1303 4090 iudicam-

238 4118 307 4174 tem
327 4113 503 4192 interpretor
522 4109 682 4191 (quomodo
706 4112 780 4172 enim
803 4109 893 4172 lites
923 4113 1000 4174 inter
1019 4113 1124 4192 pios!),
1147 4111 1201 4174 seul
1221 4112 1304 4190 legi·

150 4203 153 4214 '
238 4197 294 4260 bus
313 4197 520 4280 rempublicam
541 4197 657 4278 piorum
678 4194 870 4260 ordinantem.
912 4197 972 4259 lam
993 4207 1025 4259 ut
1051 4191 1122 4259 ill'uc
1135 4197 1307 4271 maumas,

237 4281 350 4352 Plato
376 4285 435 4350 boo
454 4281 523 4356 loco
551 4299 627 4360 mou
654 4291 837 4365 tamquam
862 4291 1019 4365 praetor
1039 4283 1195 4366 implorari
1215 4291 1305 4375 pole·
