2910 4930
424 385 429 390 -
496 341 499 353 “
531 337 630 429 Eleg.
651 335 696 422 ll,
719 343 752 406 d.
812 273 813 276 Ἴ
1113 337 1188 422 iffi

125 511 189 576 ato
214 520 416 580 mummius.
476 513 529 578 Sin
556 516 650 596 tqitm
679 515 798 600 auripa:
828 531 874 578 ma
895 511 989 624 laedit
1006 530 1112 592 soror,
1139 533 1189 582 raa

123 597 235 678 puella,
262 617 325 662 oum
347 617 406 680 qua
427 601 524 663 ausina
543 601 632 664 simul
653 600 782 664 dormire
807 601 893 664 solet.
942 601 1088 666 omissum
1110 603 1188 666 euin

36 719 38 734 ’
123 685 1188 856 tt.ttt¹t·.t„tlt¹lttlittltnlti‘latitet:

122 857 186 918 item
216 855 341 920 diximus
359 858 392 934 ¹l.
418 875 445 922 ο.
472 858 501 941 q.
526 864 576 923 19.
605 879 636 940 p.
666 862 739 924 138.
794 860 962 923 Amidam
997 871 1096 922 autem
1121 862 1187 926 sira

122 941 269 1020 Gputlriarn
298 943 436 1018 (amioum
457 942 623 1026 Propertii)
652 947 714 1009 sire
741 945 885 1009 commoni
911 944 1112 1026 appellatione
1140 945 1188 1009 di·

120 1039 190 1091 ctam
211 1029 346 1111 adripias
366 1024 437 1107 (adr
456 1013 481 1116 ᾗ
503 1027 586 1116 φίλη
607 1049 657 1106 τις
680 1027 868 1111 sermono:
895 1041 979 1096 rento
1009 1031 1072 1094 tals
1093 1033 1189 1099 uniit

120 1114 272 1179 sententia

214 1219 244 1266 r.
268 1202 319 1266 15.
347 1208 403 1266 est
423 1203 456 1266 in
475 1201 534 1266 dna
556 1219 660 1268 sersus
679 1200 835 1266 delendum
856 1219 922 1266 essa
943 1199 993 1268 sel
1011 1203 1113 1266 inritis
1134 1219 1188 1268 οο-

120 1281 227 1352 dianus
240 1287 364 1352 Laolrm.
387 1287 434 1352 ed.
448 1289 533 1370 Lipa.
556 1290 678 1352 nouauit.
720 1288 832 1353 Postea
846 1297 942 1352 tamen
964 1286 1092 1352 admisit.
1125 1289 1188 1356 lla·

120 1387 173 1451 quo
195 1389 254 1452 eqo
274 1375 306 1436 ir
325 1383 385 1437 tam
405 1375 523 1440 ludriao
542 1373 612 1438 loeo
628 1373 710 1439 aliud
728 1394 817 1456 quun
837 1373 983 1454 religioso
1001 1375 1090 1438 libris
1111 1377 1189 1439 auri·

120 1458 173 1537 ptis
194 1460 498 1542 ahsaqmudumessa
518 1460 622 1527 orado.
662 1459 709 1525 Ad
728 1463 833 1524 lorum
846 1463 922 1524 euin
943 1459 1030 1523 tidem
1045 1461 1073 1525 si
1086 1477 1189 1526 omnes

120 1551 261 1626 quotquot
280 1556 346 1610 sant
366 1557 520 1630 poetarum
540 1547 602 1610 lnai
623 1547 721 1612 asueti
737 1547 857 1621 luerint,
884 1557 944 1612 tum
967 1545 1092 1624 damam,
1113 1547 1188 1630 quid

120 1631 255 1712 audquaa
283 1649 371 1696 aurea
400 1635 432 1697 in
460 1651 496 1697 ao
525 1651 638 1714 genere
663 1633 874 1718 probaverint,
906 1631 979 1716 quid
1006 1635 1188 1716 respuerint,

36 1721 38 1812 ὲ
119 1725 193 1780 rante
213 1719 368 1782 aestimari
388 1737 479 1801 posse
497 1718 601 1784 oredo.

36 1823 37 1832 ¹
211 1823 241 1869 r.
275 1809 328 1870 20.
362 1805 492 1882 Primus,
521 1813 660 1888 quantun
685 1805 791 1880 auiam,
821 1803 978 1888 llrtgerns
1007 1811 1188 1868 smumaram

36 1901 38 1950 t
118 1895 216 1952 tonna
236 1889 380 1970 vulgares
401 1893 614 1976 grammaticae·
635 1909 754 1954 normas
775 1891 886 1956 laetam
910 1892 1005 1956 sensit
1025 1889 1093 1970 (Gr.
1114 1889 1186 1956 Lat.
1257 1887 1260 1899 '

119 1973 143 2056 d.
162 1979 270 2056 299.);
291 1979 444 2060 proprium
466 1979 543 2041 enim
564 1985 643 2042 arat:
670 1977 824 2052 „domme
845 1978 1020 2040 nutrite“
1039 1975 1186 2042 soribora.

118 2059 202 2125 lleote
223 2073 324 2126 autem
344 2065 470 2128 eontulit
487 2064 555 2128 Lis.
576 2063 601 2138 Ι,
622 2066 689 2126 ans·
710 2063 782 2126 audi
801 2070 856 2138 tu,
882 2061 1050 2146 populus
1066 2063 1188 2126 Alla-

119 2163 187 2211 uua.
217 2147 311 2214 Ouid.
336 2149 460 2213 lleroid.
482 2150 564 2227 XIV,
584 2154 654 2214 ta:
680 2149 790 2230 Surge,
817 2167 886 2229 age,
904 2148 1059 2224 Belide,
1082 2147 1120 2212 da
1140 2155 1187 2212 tot

36 2237 37 2248 ³
119 2233 199 2296 modo
226 2235 374 2298 tratribus
401 2255 508 2300 uuus.
565 2236 753 2300 Contrarium
778 2252 872 2316 genus
906 2235 1118 2298 illustravimus
1144 2232 1187 2298 ad

118 2315 161 2380 El.
181 2321 220 2396 ll,
235 2324 289 2397 lo,
304 2327 333 2385 2.
347 2325 378 2386 8.
400 2361 441 2372 -
464 2321 570 2386 dura.
615 2322 667 2385 Sin
686 2322 768 2394 libri,
786 2339 859 2402 quos
880 2322 967 2384 uobis
989 2319 1128 2384 nanterre
1147 2321 1188 2384 li·

119 2405 181 2482 nuit,
202 2425 315 2471 omnes.
357 2408 465 2484 Reate3
487 2407 526 2471 ad
538 2407 616 2471 idem
636 2408 713 2471 eniu
727 2407 880 2488 exemplar
892 2405 943 2484 lv,
954 2410 986 2482 4,
1000 2409 1069 2470 oz:
1091 2405 1188 2471 dura

118 2493 273 2574 papilla,
294 2493 409 2576 lupas
438 2493 564 2570 dietum,
590 2510 650 2556 uon
679 2492 807 2557 durae.
843 2493 964 2556 durae
995 2493 1022 2553 ri
1042 2490 1117 2556 ddes
1140 2500 1188 2558 est

118 2575 296 2654 Burmanno,
326 2583 358 2643 in
384 2598 442 2643 uno
464 2581 610 2644 Vaticano
632 2579 679 2654 V„
707 2581 789 2642 ouius
811 2587 909 2642 tamen
933 2575 1013 2661 apud
1034 2595 1081 2641 me
1102 2577 1188 2640 nulla

120 2671 160 2726 est
177 2668 354 2730 auotoritas.
396 2667 443 2730 Da
463 2665 649 2730 Menteliauo
670 2683 743 2730 sero
766 2675 796 2728 at
809 2665 1000 2746 tironiuqano
1018 2663 1103 2727 miris
1124 2680 1188 2726 mo-

120 2747 161 2812 dis
179 2752 237 2814 sibi
261 2769 320 2816 unu
342 2759 458 2816 consui
478 2753 694 2826 Lachmannus.
736 2750 811 2814 Nam
834 2768 899 2814 aum
915 2753 947 2814 in
968 2748 1017 2814 ed.
1033 2750 1119 2832 Lipa.
1139 2759 1188 2814 ta·

119 2835 188 2899 situs
215 2847 249 2902 et
275 2838 358 2902 uelut
384 2856 486 2902 eorum
513 2839 680 2902 testimonio
704 2837 799 2902 tratas
820 2835 941 2900 durae
962 2835 1126 2916 scripserit,
1153 2837 1188 2900 ia

119 2919 245 2989 editione
271 2924 377 2988 Iaoobi
406 2923 524 2988 durae
547 2923 763 2987 Mantelianum
787 2921 890 2982 soloas
920 2920 1033 2984 halare
1060 2931 1188 2986 aruum·

118 3007 165 3072 rit
204 3011 282 3074 llam
312 3009 350 3074 de
377 3011 527 3091 excerptis
548 3007 648 3074 Modii
676 3007 752 3070 uilull
778 3017 891 3071 notare
905 3007 1059 3072 lleinsium
1080 3007 1138 3070 nisi
1155 3007 1189 3070 in

121 3095 352 3180 antispodi„
379 3114 502 3178 quarum
528 3095 625 3158 minor
649 3093 723 3157 tides
746 3093 785 3157 sit
812 3113 900 3176 quam
929 3093 1055 3174 exempli
1076 3093 1188 3157 Parra·
1249 3129 1253 3136 ·

37 3221 39 3247 t
120 3177 190 3256 iari;
221 3183 443 3246 Broululusium
472 3181 664 3261 Grouinguuo
691 3180 860 3256 ascribere,
890 3180 939 3244 oui
966 3178 1042 3242 nilil
1061 3197 1186 3263 usqum

38 3255 40 3286 ‘
121 3265 197 3328 oredi
219 3267 341 3332 debere.
383 3270 424 3334 At
444 3269 475 3332 in
492 3267 623 3332 editione
643 3267 832 3330 Berolineusi
853 3268 919 3348 ipse
941 3265 1051 3342 duro,
1079 3273 1112 3326 ut
1134 3282 1189 3328 ax·

120 3349 270 3430 libuimus,
293 3354 478 3436 Groniugaui
497 3363 568 3418 uota
589 3353 760 3434 insignitum
789 3353 883 3436 ponit
935 3353 1049 3416 Contra
1067 3353 1186 3416 Menta-

119 3434 272 3590 liapumdin
287 3441 448 3506 lleiusiano
471 3440 634 3524 exemplari
654 3457 713 3504 uon
734 3439 857 3504 durae
877 3438 931 3506 aad
956 3437 1054 3502 dura
1074 3439 1189 3502 labere

119 3529 217 3590 sarri
242 3545 332 3592 emus.

129 3541 145 3606 P
211 3629 241 3677 r.
264 3617 316 3678 23.
338 3613 481 3678 Ulixis.
508 3613 629 3676 Laolnrn.
650 3611 699 3676 ed.
717 3613 804 3694 Lips.
826 3613 897 3674 item
917 3609 1005 3673 libris
1027 3607 1188 3689 tetragam-

38 3707 39 3718 ’
120 3693 204 3761 tibur:
223 3700 344 3764 Ulixi.
388 3699 436 3762 Tu
451 3717 522 3764 raro
535 3699 596 3764 rid.
612 3697 702 3764 (lour.
717 3698 891 3763 Soluoider.
913 3696 952 3760 da
972 3695 1088 3762 Formis
1099 3697 1136 3760 L.
1149 3695 1188 3758 L.

38 3781 39 3844 Ϊ
121 3797 148 3858 p.
170 3787 229 3849 163
242 3803 309 3868 sqq.
329 3787 465 3850 lentum
486 3803 542 3868 pro
564 3788 728 3866 coniuge
751 3783 842 3864 uulgo
863 3799 968 3846 crassa
978 3785 1119 3848 Minerva
1140 3781 1188 3844 in·

122 3873 325 3949 terpretantur.
372 3872 485 3936 Eodem
513 3873 597 3950 iure,
626 3871 679 3936 sod
708 3870 867 3935 absurdius
894 3869 1188 3946 etiamll,15,2.=

121 3953 310 4036 ‚laetula
337 3957 452 4023 deliciis
480 3958 559 4024 tante
587 3959 703 4022 hesta
725 3959 824 4022 meis“
854 3957 886 4020 in
916 3955 1115 4037 Cynthium
1138 3951 1187 4014 di·

122 4045 190 4102 otuu
212 4045 328 4110 oredas.
373 4045 435 4109 Sed
457 4045 536 4108 lento
560 4043 737 4124 gaudiorum
760 4045 916 4108 tacitorum
937 4043 1058 4106 oousoio
1078 4056 1187 4104 sensus

124 4133 150 4186 el
169 4129 419 4214 allartuspoetine
439 4131 526 4194 iidem
548 4134 725 4207 tribuuntur,
746 4133 797 4212 qui
819 4131 892 4212 ipsis
911 4129 1089 4192 amantibus.
1134 4124 1189 4188 Sis

124 4207 265 4280 Martialis
286 4219 325 4294 X,
350 4221 417 4283 38.;
440 4220 555 4299 oquae
574 4217 703 4300 proelia,
723 4235 798 4299 quas
819 4217 957 4296 utrinque
977 4228 1094 4300 pugnas
1113 4209 1189 4274 llo·

124 4291 173 4362 tir
196 4301 381 4370 laotnlns
401 4311 432 4369 et
455 4301 581 4370 lucerua
607 4303 692 4372 uidit
742 4301 819 4366 ilino
843 4297 1126 4385 lestasqpudions
1147 4293 1190 4376 11,
