2950 4932
227 315 308 398 85⁴2
554 315 813 386 Commentarius
835 315 983 408 lnl'rop.

227 487 428 574 Propertium,
456 497 517 556 tam
536 489 755 558 reconditarum
776 493 947 559 labnlarnm
965 494 1209 578 investigatorem
1228 509 1301 556 cen·

229 595 337 654 remus,
359 585 391 640 ut
413 575 519 642 alienia
540 581 680 660 exemplis
700 597 759 643 non
780 600 931 662 egeamus.

332 681 361 727 ι.
381 665 432 727 28.
460 681 529 744 per
550 683 708 748 campos.
732 677 791 730 ter
812 685 838 730 c.
865 667 1019 731 Fruterina
1042 669 1131 742 coni,
1162 665 1299 744 egregie.

229 751 280 828 At,
302 750 440 830 quoniam
462 749 605 816 librarios
627 754 782 831 corrigere
805 763 934 817 nostrum
957 765 1012 834 est,
1039 771 1099 817 non
1121 752 1207 815 modo
1228 767 1302 834 pro-

229 836 332 899 babile
354 834 407 898 red
430 837 518 898 etiam
539 840 663 920 probum
686 856 753 920 per
774 843 944 904 retinemus.

332 939 362 984 r.
385 924 435 984 29.
456 920 757 1004 Pulydamantas
781 925 815 988 in
837 929 952 988 armis
973 922 1129 1004 legendnm
1153 939 1218 986 esse
1240 922 1301 982 iam

230 1005 357 1072 Procius
381 1010 546 1092 perspexit.
595 1012 679 1074 lianc
708 1019 805 1074 autem
831 1013 988 1090 iugenuam
1011 1012 1103 1074 luisse
1125 1011 1303 1090 scripturam

230 1091 302 1156 libri
325 1109 391 1155 mas.
412 1095 476 1156 lere
500 1113 601 1158 omnes
622 1097 733 1158 clarius
753 1099 909 1160 obscurius
931 1099 1072 1173 indicant,
1102 1115 1166 1159 cum
1186 1093 1302 1172 Pulp-

107 1198 110 1206 ’
232 1177 429 1274 dapraptes
456 1179 591 1244 librariis
615 1181 759 1244 debeatur
780 1183 898 1247 solitam
919 1201 975 1280 pro
999 1183 1185 1246 insolentiori
1205 1180 1304 1243 lorma

231 1265 474 1330 rescribentibus.
523 1265 569 1329 lle
590 1266 803 1349 Polydamante
826 1279 939 1333 armato
961 1270 1009 1332 rel
1030 1287 1089 1334 non
1112 1275 1226 1331 armato
1248 1281 1304 1326 no·

237 1349 316 1427 dum,
335 1359 368 1412 ιιι
388 1350 479 1428 aiuut,
501 1353 531 1412 in
554 1353 653 1434 scirpo
676 1355 725 1417 bio
747 1365 892 1436 quaerunt
913 1355 1018 1419 critici.
1070 1355 1116 1418 lie
1137 1355 1212 1416 enirn
1235 1351 1303 1433 plua

232 1454 322 1518 qnam
350 1445 466 1500 cetoros
493 1437 728 1502 bellatorem
757 1441 806 1504 lric
843 1440 961 1504 laudari
990 1440 1303 1521 Polydamanteis

232 1521 357 1586 credas:
386 1521 424 1584 in
451 1524 568 1586 armis
597 1525 635 1588 ad
662 1544 807 1603 omnes,
838 1530 887 1610 qui
917 1529 973 1589 loc
998 1547 1087 1590 uersu
1116 1527 1304 1590 nominantur

230 1610 341 1674 lteroes
362 1617 509 1690 tanquam
528 1627 678 1674 commune
700 1613 870 1676 attributum
893 1614 1079 1676 referendum
1099 1621 1153 1676 est.
1204 1611 1305 1689 Qua-

231 1695 443 1776 lircnnqne
463 1713 535 1759 oero
558 1699 668 1761 rectius
690 1698 841 1762 describat
860 1700 979 1762 Paridis
1000 1699 1160 1779 ingenium,
1179 1698 1206 1760 si
1226 1693 1305 1758 nude

231 1779 310 1846 illud
330 1797 492 1863 pronomen
514 1784 641 1865 positum
663 1784 762 1859 luerit,
784 1789 917 1866 quamsi
941 1803 1005 1848 oum
1018 1787 1208 1848 Lachmanno
1232 1782 1307 1862 (Pu-

231 1866 418 1948 lpoaaanu)
441 1878 477 1931 et
496 1869 533 1930 in
556 1871 676 1932 armis
700 1871 735 1948 Q.
746 1871 780 1933 P.
797 1869 903 1934 addas.
946 1872 1021 1935 Nam
1034 1890 1091 1934 non
1106 1871 1200 1934 solum
1214 1867 1306 1946 bella

233 1953 289 2018 sed
312 1951 390 2016 doui
413 1953 500 2016 etiam
521 1955 589 2035 plus
611 1973 699 2036 qnam
721 1955 829 2018 dubiae
849 1957 968 2020 luerunt
985 1958 1103 2020 Paridis
1124 1955 1240 2020 laudes.

338 2057 368 2102 r.
391 2041 443 2100 30.
466 2037 620 2121 {mprobus
641 2042 771 2104 imitator
793 2043 915 2106 Ouidius
937 2043 1030 2109 Trist.
1044 2045 1079 2122 V,
1095 2045 1125 2122 5,
1140 2046 1208 2108 dia:
1230 2039 1307 2104 For·

234 2123 314 2190 attan
335 2122 479 2188 Euadnen
501 2126 565 2189 rin
587 2145 655 2190 roa
676 2136 810 2190 nosset
831 2129 967 2191 humus.

334 2227 364 2272 r.
389 2211 704 2276 rememoratur.
747 2211 795 2275 ct.
818 2214 855 2292 Q.
875 2215 909 2277 P.
932 2215 968 2290 ll,
989 2217 1020 2279 c.
1043 2233 1068 2278 a.
1085 2213 1139 2278 tlt.
1160 2231 1189 2296 p.
1214 2214 1286 2278 169.

336 2314 365 2359 ι.
388 2299 439 2360 94.
462 2299 587 2360 sensit
613 2307 698 2360 recte
720 2297 840 2361 Lacdm.
871 2311 916 2376 et,
947 2301 1026 2382 quod
1054 2301 1148 2378 magis
1178 2298 1306 2373 mireris,

233 2377 348 2464 primns
361 2381 500 2457 restituit,
519 2401 643 2464 „nempe
657 2383 853 2446 iamdudun.“
895 2385 1006 2464 liente3
1027 2387 1116 2468 vulgo
1131 2385 1207 2448 enim
1218 2401 1307 2448 unum

178 2467 180 2474 ’
234 2465 429 2536 Heinaiauom
451 2471 544 2532 aecuuti
566 2487 633 2532 sen
647 2473 693 2534 tit
714 2472 854 2534 scribunt.

336 2569 366 2618 ι.
389 2555 442 2617 99.
464 2556 701 2619 carminis-
717 2555 920 2620 redeamus
939 2555 975 2619 in
998 2555 1139 2620 arbem.
1166 2553 1308 2620 llaeclo-

235 2637 316 2702 ontio
338 2655 397 2720 quo
419 2638 536 2716 ualeat,
565 2643 732 2704 accuratius
763 2644 955 2724 explicuimus
975 2642 1012 2722 Q,
1033 2643 1067 2706 P.
1089 2641 1127 2719 ll,
1148 2643 1180 2708 b.
1201 2661 1233 2726 p.
1254 2643 1308 2707 85.

194 2807 197 2814 ¹
235 2723 373 2790 Celerum
394 2725 433 2788 cl.
454 2727 570 2790 initium
592 2729 774 2808 insequentis
794 2731 943 2792 carminis.

338 2828 365 2875 ι.
386 2815 441 2875 40.
461 2813 547 2876 Libri
570 2824 617 2877 sat
632 2814 712 2876 multi
725 2815 871 2878 absurde:
891 2813 1076 2890 insolitas
1096 2811 1175 2876 ande
1194 2812 1231 2876 in
1252 2829 1310 2876 so·

233 2893 311 2960 lito
333 2895 435 2960 Burm.
456 2898 579 2962 Larium.
603 2900 657 2962 alii
678 2901 847 2965 effecerunt.
890 2901 952 2965 Sed
974 2901 1059 2964 luiare
1081 2901 1125 2964 aio
1150 2899 1310 2963 secuntias

236 2990 269 3046 et
295 2985 538 3065 compositionem
556 2985 648 3048 Bacb.
676 2997 759 3050 recte
780 2989 934 3063 obserbat,
961 3005 1016 3050 nec
1037 3002 1109 3049 raro
1137 3005 1157 3048 a
1176 2985 1310 3048 librariis

235 3067 276 3131 in
306 3087 343 3132 ex
370 3079 408 3134 ut
433 3070 542 3134 iactum
567 3071 635 3133 coll.
658 3071 843 3151 Tibull.1V‚
868 3079 895 3150 l,
921 3075 991 3137 102.
1022 3080 1153 3136 annotat.
1203 3073 1242 3135 Aa
1271 3088 1311 3135 no

147 3144 157 3162 '
234 3153 312 3216 illud
334 3155 461 3237 quidem,
484 3155 564 3237 quod
585 3155 820 3224 Paccius-babet
842 3169 892 3234 et,
923 3157 1120 3241 probaverim,
1143 3175 1207 3220 cum
1229 3155 1311 3238 qnod

237 3239 275 3338 ab
298 3243 376 3341 omni
404 3251 490 3322 parte
519 3243 660 3324 optinuum
686 3245 802 3310 ridetur
832 3256 889 3325 nt,
919 3245 1041 3308 alibro
1069 3243 1309 3328 interpolationis

237 3341 357 3391 mmme
378 3336 515 3412 suspecto
538 3331 648 3394 teniat.

616 3533 825 3628 Elegio
868 3538 934 3628 ΙΙ.

341 3668 405 3730 lloo
434 3687 568 3748 carmen,
598 3673 629 3736 in
651 3675 738 3738 codd.
762 3695 828 3739 msa.
859 3675 992 3739 omnibus
1021 3673 1198 3757 aproximo
1225 3689 1319 3754 anpe-

239 3751 323 3818 riore
341 3766 539 3836 segregatum,
561 3761 673 3840 primus
686 3765 821 3826 Muretus
842 3764 1003 3837 coniunxit,
1023 3781 1112 3826 uersu
1131 3761 1314 3843 potissimum

240 3843 292 3903 39.
314 3841 428 3918 primae
458 3842 575 3922 elegiae
600 3845 691 3910 nisus.
736 3849 838 3912 Seouti
860 3859 928 3912 suut
949 3849 1140 3930 interpretum
1162 3845 1312 3928 plerique.

238 3923 375 3987 Frustra.
418 3926 600 4010 Quamquam
629 3935 705 3996 enim
733 3935 809 3997 hano
833 3937 921 4000 etiam
946 3935 1103 4014 imaginem
1127 3933 1236 4013 aliquis
1255 3931 1313 3992 sibi

238 4007 354 4087 fingere
375 4019 490 4090 potest,
514 4025 547 4077 ut
568 4016 676 4082 linea
703 4037 761 4082 non
785 4022 851 4102 ipsa
872 4023 903 4083 in
925 4039 967 4097 ae,
994 4020 1024 4082 lr.
1045 4038 1071 4084 e.
1095 4020 1196 4081 orbern
1226 4033 1314 4098 quem

241 4093 343 4171 elicit,
365 4095 538 4178 colligatur,
568 4100 621 4165 sed
643 4115 675 4168 nt
696 4105 845 4170 declinata
868 4109 912 4170 ab
939 4107 1032 4170 orbe
1061 4104 1098 4170 ad
1121 4104 1244 4167 eundem
1264 4119 1313 4164 re-

242 4179 321 4255 deat,
350 4180 517 4246 dictamen
540 4188 610 4266 quid
633 4189 672 4254 sit
691 4192 721 4254 iu
744 4194 845 4255 orbem
868 4191 969 4256 redire
992 4193 1028 4270 Q.
1049 4193 1084 4255 P.
1104 4191 1142 4266 ΙΙ,
1164 4195 1195 4254 5.
1218 4208 1247 4271 p.
1262 4191 1314 4252 85.

242 4263 406 4330 docuimus.
456 4271 596 4353 apertius
623 4275 708 4358 virg.
728 4281 803 4343 Aen.
825 4279 850 4358 1,
870 4283 942 4346 273.
969 4281 1071 4363 (299.)
1105 4279 1222 4341 orbes
1249 4291 1315 4339 ex-

1456 749 1460 910 l
