2812 4924
187 319 238 398 10
505 315 767 384 Commentarius
788 314 824 383 in
844 313 942 403 Prop.

187 482 237 556 lor
258 481 378 567 adsit.
408 497 439 556 et
463 485 551 554 looue‘
569 475 666 554 nostri
687 485 853 554 simillimus
875 487 950 556 idid.
970 507 1000 557 r.
1021 491 1091 560 lu:
1123 491 1263 580 Religio·

187 595 242 642 nea
264 592 417 644 tenuent
436 587 538 660 peetus
561 577 750 660 linquunt.

292 662 783 747 amonmupm.

556 879 774 970 tEleglu
816 879 884 950 n.

291 1019 338 1084 lie
358 1015 552 1102 dispositione
573 1038 602 1085 u.
623 1021 662 1100 Q.
683 1019 719 1086 P.
741 1019 780 1097 ll,
802 1017 834 1084 d.
855 1035 885 1100 p.
907 1019 959 1084 88.
1000 1017 1083 1084 Idem
1104 1037 1264 1102 argumen-

188 1111 441 1271 pnppepepppp
452 1117 498 1278 pot
506 1107 711 1259 lsplpprtierius,
729 1103 829 1174 daal.
844 1105 897 1170 ΒΓ.
911 1105 965 1170 111.
987 1125 1018 1190 p.
1032 1111 1083 1174 lo.
1105 1124 1152 1192 ep.
1166 1109 1263 1176 XVII.

293 1319 364 1412 Odrp
381 1325 468 1400 ῥόδον
482 1323 632 1408 στεφρνων
647 1325 814 1409 dnpdedtrar,
832 1323 895 1385 οὔτε
912 1325 948 1382 oui
966 1328 1118 1384 uendere

327 1413 390 1450 oure
406 1399 642 1467 λιθοβὶητων,
659 1413 771 1468 roomo,
789 1394 1031 1472 κεκρυφάλων
1048 1415 1074 1455 κ.
1090 1415 1115 1455 τ.
1132 1398 1158 1456 le
1281 1405 1286 1436 ¹

187 1515 244 1583 aad
264 1517 387 1583 ranam
406 1517 511 1601 paullo
532 1517 695 1583 coloribus.

200 1631 203 1636 ¹
289 1606 485 1669 eluite.
528 1605 566 1686 Q.
586 1605 621 1671 Ρ.
643 1605 683 1682 ll,
703 1609 734 1671 θ.
753 1624 784 1689 p.
807 1607 881 1672 151.

288 1705 317 1755 r.
340 1693 371 1754 ³.
392 1689 574 1756 Orontea.
617 1691 776 1756 Antiochia
802 1695 879 1757 enim
899 1691 990 1756 totius
1012 1688 1137 1756 orientis
1161 1701 1265 1770 empo-

187 1775 273 1852 rium,
289 1775 508 1841 undemabloe
522 1778 610 1842 etiarn
623 1778 732 1843 odores
747 1779 887 1844 Romanis
900 1775 1073 1849 ueniebant:
1085 1782 1114 1840 t.
1128 1771 1263 1839 Broulrl.

188 1863 320 1944 lutupp.
349 1861 390 1927 ttd
417 1863 492 1929 Hor.
519 1861 576 1930 ol.
597 1863 637 1942 ll,
665 1869 696 1943 l,
724 1867 756 1930 Θ.
805 1863 932 1928 Salmas.
955 1861 995 1927 nd
1015 1863 1112 1928 Solio.
1133 1855 1164 1952 p
1187 1863 1262 1926 llo.

188 1947 305 2014 henou
318 1949 474 2015 mutuatu.
485 1949 525 2014 ed
540 1951 628 2015 nuel.
643 1950 694 2015 (ir.
712 1950 750 2015 Τ.
764 1951 814 2017 Vl.
830 1971 862 2036 p.
881 1955 932 2015 le.
954 1985 996 1999 -
1019 1949 1171 2031 myrrha
1188 1947 1264 2010 seri·

188 2033 319 2100 bendum
337 2043 421 2099 reete
442 2036 655 2101 dluBotdiut
675 2035 829 2113 aduenae
851 2035 1051 2116 murroenim,
1074 2033 1264 2116 quodLaolr-

189 2137 295 2185 nanno
320 2116 450 2203 placuit,
478 2122 586 2204 lapis
614 2131 675 2199 eat,
701 2141 761 2188 non
787 2123 933 2204 lerla3
963 2122 1028 2186 alin
1054 2121 1183 2204 deniquo
1201 2119 1263 2183 En·

190 2205 244 2285 nii,
262 2206 326 2270 alin
344 2207 496 2289 Propertii
517 2209 741 2291 orthographia.

291 2311 321 2358 r.
338 2297 371 2357 4.
393 2295 611 2358 nonoribus
633 2294 780 2359 alladius
801 2297 856 2372 est,
887 2309 949 2358 non
969 2292 1096 2370 dativus,
1121 2291 1166 2355 uti
1182 2289 1262 2354 Bar-

189 2377 268 2444 ttius
290 2389 320 2442 et
340 2376 564 2444 Strombeolius
591 2391 777 2446 oeuoueruut.
835 2379 973 2446 Vendere
1000 2397 1072 2444 uero
1099 2375 1178 2441 idem
1208 2383 1263 2453 ert,

102 2519 105 2526 .
190 2463 738 2546 puodueuditereetieotoro.
781 2463 1263 2543 clletrnu.126.:Quueuin

191 2557 325 2632 spretam
349 2551 447 2615 lotae
474 2553 593 2636 paetino
618 2569 722 2618 oomae
742 2589 787 2604 -
807 2555 866 2617 nisi
891 2551 972 2638 quod
1000 2553 1126 2616 turmam
1152 2548 1264 2631 proeti-

190 2637 265 2712 tuit,
285 2645 318 2722 ut
338 2637 496 2704 venees.
537 2639 639 2706 luten.
657 2641 723 2719 vll,
747 2640 836 2706 ldie:
870 2639 1046 2723 Purpura
1064 2636 1200 2703 uendit
1220 2667 1263 2682 ·-

192 2721 381 2788 oomidieum.

293 2827 322 2874 u.
344 2813 374 2874 9.
394 2807 516 2873 Laolum.
536 2810 569 2873 in
592 2808 642 2876 ed.
666 2809 778 2877 Betui·
796 2827 896 2894 „quo
925 2807 1134 2882 summittit
1156 2837 1197 2854 -
1217 2804 1265 2872 lit

190 2893 379 2960 lanient!
420 2895 489 2974 Quo
509 2897 672 2976 sententia,
702 2912 761 2961 non
781 2896 931 2977 intelligo.
980 2895 1047 2978 ligo
1067 2911 1140 2959 uero
1161 2893 1266 2976 priore

190 2988 281 3048 teron
316 2979 444 3066 optines
473 2983 660 3047 menlmnas
694 2990 813 3047 oeoutus
855 2999 930 3065 quos
963 2981 1115 3045 summittit
1146 2975 1265 3060 scripsi,

191 3083 252 3135 oon
273 3069 410 3149 quodie,
431 3075 466 3132 ttt
484 3063 572 3146 ulios,
590 3085 648 3153 pro
670 3067 766 3133 lubitu
786 3068 961 3150 Propertius
982 3067 1085 3130 modos
1106 3064 1192 3126 uerbi
1211 3081 1266 3127 utd

190 3155 316 3218 tinuerit
343 3151 486 3238 (plurima
517 3157 594 3219 eninr
622 3156 685 3218 eius
714 3153 835 3236 generis
863 3152 999 3234 exempla
1026 3149 1148 3215 Leohm.
1176 3149 1266 3213 doute

191 3253 280 3303 mann
302 3239 351 3304 lio
372 3241 548 3320 congessit),
568 3241 622 3305 ted
637 3241 708 3325 qnia
729 3255 892 3322 pronomen
913 3253 1011 3318 qnos
1031 3235 1187 3302 relativum
1210 3243 1266 3314 est,

192 3333 254 3391 rton
280 3325 533 3408 interrogativum.
581 3327 633 3392 sie
661 3326 775 3392 demum
804 3342 857 3389 ean
876 3324 1011 3388 colorum
1029 3323 1161 3406 speeies,
1190 3339 1266 3404 ques

190 3411 329 3478 ¹terailuns
354 3412 577 3492 insequentibus
598 3422 690 3496 poeta
708 3419 862 3486 recenset,
891 3408 930 3473 nd
957 3427 1040 3474 suum
1069 3427 1162 3491 genus
1182 3417 1267 3473 reete

193 3498 375 3564 referuntur.
418 3497 501 3562 llaeu
528 3499 621 3580 igitur
641 3494 973 3580 Propertiieenteutiee
998 3499 1107 3580 dspioe
1136 3494 1266 3571 colores,

194 3601 271 3668 quos
292 3593 374 3648 terra
393 3584 553 3662 submittit3
583 3586 643 3648 inm
662 3585 796 3661 ridelis,
824 3593 858 3647 ut
879 3592 1067 3664 sponte‘sua
1087 3582 1192 3646 melius
1214 3597 1266 3643 ue·
1307 3612 1310 3617 ·
1384 3583 1389 3596 ·

193 3673 308 3736 nieut.“
349 3670 417 3747 Qun
433 3671 679 3754 interpretatione
692 3671 779 3734 simul
793 3668 939 3734 dubitenti
958 3670 989 3732 in
1006 3669 1053 3734 ed.
1068 3667 1151 3749 Lips.
1166 3666 1267 3729 Lacl-

194 3772 302 3822 manno
324 3754 532 3838 respondetur,
553 3755 632 3839 quod
647 3756 706 3833 dio,
724 3758 777 3821 ubi
797 3765 904 3821 natura
917 3757 985 3840 ipse
1005 3757 1064 3820 euti
1084 3753 1267 3830 oonlerutur,

193 3835 398 3922 „summittit“
418 3841 497 3910 unde
517 3843 646 3928 positum
666 3843 722 3920 ait,
752 3841 926 3906 nemetiam
946 3851 1053 3904 eurota
1074 3849 1139 3904 orte
1160 3839 1265 3903 luimus

193 3931 285 4000 lorea
306 3927 473 3993 summittat
514 3927 579 3996 lloe
601 3927 691 3994 etium
711 3929 790 3994 Keil.
812 3930 915 4006 sensit,
940 3929 991 4010 qui
1013 3927 1195 4008 glossemate
1216 3925 1264 3986 in-

193 4014 373 4098 terpolatum
395 4031 462 4078 esse
482 4014 578 4079 locum
598 4025 683 4080 ratus
704 4034 761 4098 pro
788 4016 1165 4080 formosa-musoosa
1194 4009 1266 4072 aub-
1370 4033 1371 4044 ¹

196 4103 320 4170 stituere
344 4101 461 4164 mauult.
510 4101 556 4164 lle
575 4101 779 4184 pronominum
800 4119 872 4168 uero
895 4101 963 4165 rell.
985 4110 1016 4164 et
1036 4101 1102 4163 intt.
1124 4096 1267 4161 dilleren·

96 4263 98 4268 ,
195 4189 283 4256 tlaa
312 4185 512 4270 gremmariois
539 4206 630 4272 saepe
662 4189 788 4255 oouluse
819 4189 858 4252 ol.
885 4185 1041 4272 Spalding.
1071 4185 1109 4249 ed
1139 4179 1267 4261 Quintil.

195 4271 247 4353 ll,
267 4277 299 4352 l,
322 4277 375 4340 ltt.
398 4271 527 4353 llrtlger.
548 4273 588 4338 ad
600 4273 728 4343 drumm.
749 4277 820 4344 Lat.
832 4274 947 4343 dretel.
964 4293 996 4358 p.
1016 4275 1093 4340 set.
1113 4278 1214 4334 annot.
1235 4273 1267 4331 2.
