2912 4920
316 323 397 412 368
648 320 910 396 comeum
929 322 965 394 in
989 321 1107 416 Prop-

317 497 519 586 aponum,
536 497 771 582 ennpnrurerio.
810 497 917 582 iterur
926 497 1046 582 ratione
1059 498 1247 582 grunutioe
1262 497 1302 566 itu
1313 495 1358 562 lil-

315 587 388 666 lert,
408 583 488 670 qnoul
509 585 608 652 otofin
627 585 785 650 ouliioitur
802 602 893 651 teron
905 585 1055 651 breviori:
1073 605 1172 653 noro
1193 596 1274 654 toro
1292 602 1361 648 ruere

316 673 428 739 nerito
449 671 597 756 polluere.
649 669 726 736 lion
747 687 807 735 non
827 679 914 736 toro
932 672 1093 756 polluimur
1114 691 1216 753 ome,
1240 671 1302 737 rel
1319 689 1359 746 eo,

345 757 418 824 nol
441 757 665 842 quoerinuo
689 774 825 822 noun·
846 767 980 825 torum.
1023 759 1091 838 Quo
1113 761 1203 825 nulto
1224 759 1361 825 etiunuu·

222 861 226 874 ⁴
339 846 423 911 noim
443 841 533 912 orii.
548 845 673 910 Meton.
694 843 774 919 Vlll,
795 845 887 909 liele
914 843 955 910 lit
975 847 1126 910 renio·
1144 844 1273 930 lopiinu,
1291 841 1361 906 nul·

315 933 436 1016 lirque
461 929 674 1016 perutiluo
706 937 811 1007 orent,
835 929 858 992 i.
879 947 908 994 e.
933 926 985 1014 τῷ
1002 923 1050 1016 μὴ
1076 931 1246 1016 προςεῒναι
1269 947 1360 1012 ruopr-

315 1011 447 1102 σκευήν.
482 1013 556 1080 ibid.
575 1013 615 1092 11,
637 1019 706 1080 28.:
726 1015 819 1080 lioeot
837 1015 991 1098 peritum
1011 1016 1123 1082 ririltno
1141 1019 1220 1098 ignis
1239 1016 1307 1097 Igne
1322 1031 1361 1097 pe

314 1106 381 1171 rire
401 1114 454 1170 tuo
481 1100 657 1184 ohlenpue
677 1110 817 1167 entore
843 1101 949 1180 levari,
976 1102 997 1166 i.
1019 1120 1048 1168 e.
1070 1119 1125 1182 eo,
1147 1101 1248 1188 puel
1265 1111 1294 1166 tu
1312 1119 1358 1164 nu·
1406 1103 1407 1174 t

315 1200 407 1257 ntor
429 1207 481 1254 eo.
504 1223 544 1238 -·
596 1185 711 1265 Quoto
738 1205 794 1252 nor
820 1203 939 1270 qnoque
962 1189 1021 1253 loo
1046 1187 1116 1256 looo
1135 1200 1273 1275 peotes
1292 1201 1362 1252 ernr

338 1277 487 1352 roluunr,
516 1290 576 1338 non
596 1273 665 1337 ileo
686 1271 720 1338 it
739 1271 820 1356 quod
838 1273 958 1338 ieoiliuo
977 1274 1141 1355 orelonno,
1161 1276 1214 1342 rel
1234 1273 1298 1358 puin
1316 1281 1363 1334 etu
1406 1297 1407 1336 t

360 1364 404 1427 riu
425 1359 543 1446 optirnir
563 1359 798 1437 nonnenrlntur,
827 1368 857 1424 et
877 1361 1052 1445 exquisitius
1074 1365 1163 1427 etlon
1190 1363 1283 1427 altero
1300 1357 1364 1422 uile

314 1457 368 1516 tur
390 1467 467 1513 erse.
509 1446 585 1510 lirun
603 1447 752 1528 puniooi
768 1445 889 1510 rerlnrn
910 1446 943 1508 in
964 1449 1024 1514 ritu
1039 1450 1165 1534 nuptiali
1182 1449 1307 1514 solome
1322 1440 1363 1524 (el.

314 1535 386 1602 nno
415 1533 574 1598 llotunnnn.
607 1531 645 1595 le
668 1531 739 1598 llitu
765 1532 891 1613 nuptiul
918 1549 950 1615 p.
970 1537 1046 1601 253.
1081 1537 1132 1600 Fr.
1160 1535 1309 1600 llotnnun.
1337 1527 1365 1590 le

313 1619 514 1705 sponsalibus
535 1636 586 1702 pp.
609 1621 682 1684 336.
705 1621 780 1684 847.
802 1619 891 1695 350.)
921 1629 1022 1686 untur
1046 1621 1221 1685 moritorum
1241 1617 1366 1704 proniore
1406 1683 1407 1700 χ

313 1705 473 1790 uiguilout
522 1707 600 1772 ilino
627 1705 748 1788 pnot'u
768 1703 808 1766 in
829 1703 966 1768 ioedur
995 1724 1062 1769 nro
1089 1709 1251 1771 eommunis
1282 1703 1365 1768 lonnr
1406 1701 1407 1772 l

313 1793 429 1860 loono
451 1791 519 1870 erit,
539 1793 625 1856 iuxto
645 1807 731 1874 quent
754 1799 784 1854 et
797 1789 860 1854 ulie
881 1807 970 1854 onero
989 1791 1137 1874 nuptialia
1150 1793 1271 1868 iebant,
1290 1799 1317 1852 et
1333 1787 1367 1848 iu·

313 1887 450 1946 numento
469 1877 564 1943 iuturi
580 1876 718 1941 loederio
736 1885 882 1960 oouoepto
902 1876 951 1941 lio
975 1875 1136 1958 finguntur.
1163 1879 1211 1944 ct.
1234 1877 1367 1941 llotnrnu

273 2017 278 2027 .
312 1963 338 2032 l.
358 1965 382 2029 1.
402 1981 430 2028 o.
448 1967 504 2030 29.
525 1981 556 2046 p.
578 1965 653 2029 825.
680 1971 711 2028 et
739 1981 816 2046 quoe
837 1963 973 2026 Brinnon.
1005 1963 1131 2046 collegit
1152 1964 1192 2029 rle
1211 1963 1281 2030 liitu
1298 1960 1368 2040 llupt

312 2068 346 2136 p.
368 2055 490 2133 llloqp.
531 2049 792 2114 Puoinountur
810 2049 903 2129 igitur
921 2067 1042 2128 urunt,
1071 2052 1122 2134 qni
1142 2051 1205 2116 nile
1225 2057 1317 2114 nutoo
1335 2047 1369 2107 in·

312 2138 462 2221 terpooite
487 2151 640 2199 oonnune
665 2133 743 2198 illul
770 2133 802 2198 in
828 2144 1005 2218 perpetunn
1032 2155 1149 2201 unorum
1170 2140 1241 2203 lone
1267 2133 1370 2198 iurioeu

313 2225 375 2292 nihi
391 2221 574 2307 promittunt
617 2221 693 2284 llino
711 2219 760 2284 uel
780 2220 920 2286 tneloe
940 2232 1080 2304 puotoe
1100 2240 1158 2306 pro
1176 2221 1319 2307 nuptiis
1337 2215 1371 2278 li·

313 2319 455 2376 enutnr
482 2307 521 2370 eb
550 2305 637 2372 (loll.
658 2305 783 2370 Meton.
805 2307 859 2384 lx,
880 2311 965 2384 721„
996 2325 1057 2391 qno
1082 2308 1218 2374 iorteuoe
1244 2310 1308 2391 ipre
1331 2300 1371 2366 ille

312 2397 395 2478 ignit
423 2394 584 2459 oonnrnnir
613 2401 643 2458 et
669 2393 738 2458 titio
761 2389 799 2456 tle
819 2393 888 2458 loro
908 2395 1019 2476 petitur
1041 2395 1240 2476 significatur,
1269 2393 1305 2456 de
1327 2403 1373 2469 pot

313 2481 451 2549 Brioron.
475 2479 498 2544 l.
519 2475 551 2543 l.'
569 2496 600 2561 p.
624 2481 665 2545 78
682 2497 749 2562 opp.
777 2477 922 2561 plurimos
947 2489 1080 2545 veter-on
1107 2482 1197 2547 loooe
1233 2475 1373 2559 congenuit

312 2569 380 2638 lloo
400 2583 473 2654 uero
495 2565 689 2630 oertirriurunr
718 2565 955 2630 matrimonii
974 2567 1092 2648 irrigue
1119 2577 1150 2633 et
1175 2560 1373 2652 quodamnodo

312 2655 455 2740 pignno
481 2669 538 2735 pro
563 2653 632 2734 ipro
662 2650 787 2714 loedere
816 2651 944 2734 nuptirli
970 2671 1084 2735 ponere
1111 2655 1182 2736 quir
1203 2649 1373 2736 Propertiun

311 2749 409 2818 vetet,
438 2755 525 2822 quern
549 2737 641 2801 multo
670 2737 868 2820 insolentioru
895 2753 932 2801 eo
954 2737 987 2802 in
1007 2756 1121 2822 genere
1146 2759 1255 2806 eueuu
1277 2739 1375 2806 roseti

312 2845 409 2912 nnpru
429 2834 460 2890 et
481 2825 517 2903 Q.
536 2823 571 2888 Ρ.
591 2822 627 2886 ll.
649 2839 693 2888 oo.
714 2822 958 2904 rignilonuinnuo.

398 2897 1375 2992 ueotorgurnenirroriue.,lepilrnrenurrueflllntroel

310 2997 472 3081 Lopuuoeo
499 2995 599 3078 potino
627 2995 802 3060 rioininrnrn
829 2995 1086 3062 eonooenuner
1106 2997 1260 3080 intelligi,
1286 2993 1375 3078 quito

309 3085 418 3150 infelix
439 3089 555 3147 enntor
572 3082 803 3164 perstringetur,
822 3090 949 3147 oonntut.
1131 3153 1134 3158 Α

399 3173 500 3235 mil.
522 3167 730 3247 poteliunt.
763 3167 815 3230 (ln.
841 3167 1086 3250 poterantne,
1114 3167 1198 3250 quorl
1220 3167 1263 3234 ul
1289 3185 1317 3230 v.
1337 3161 1376 3224 2⁷·

310 3253 440 3321 nelntun
459 3273 479 3318 u
498 3252 627 3327 luooho,
655 3252 727 3315 urilri
750 3269 869 3336 qnoque
891 3253 962 3317 olinr
982 3253 1179 3336 probnb'utnr.
1230 3257 1272 3320 At
1299 3252 1376 3314 inter·

310 3341 412 3426 ponito
425 3339 519 3406 uerbo
539 3337 623 3402 unito
644 3337 767 3420 prueb
777 3348 841 3405 eut
861 3337 968 3404 lurion
982 3358 1020 3403 eo
1031 3341 1108 3404 notio
1121 3340 1246 3406 violetur
1260 3349 1291 3403 et
1305 3347 1376 3419 qno!

309 3427 414 3492 inriti·
433 3434 515 3492 oerte
536 3431 590 3489 tot.
601 3429 631 3488 et
650 3432 710 3487 tun
731 3425 836 3507 probis
857 3425 945 3490 libris
967 3425 1129 3491 obtrudere
1147 3425 1312 3509 Propertio
1331 3431 1376 3482 ron

309 3512 449 3580 uurleen.
490 3511 655 3578 Praetereo
674 3519 802 3593 propter
820 3511 947 3578 rioinon
966 3529 1069 3577 rouen
1087 3522 1203 3578 noete
1221 3504 1376 3577 tunninio

310 3597 552 3685 puteiuetee,
574 3613 663 3680 quent
682 3597 976 3663 inoorreotiorinnnr
993 3597 1071 3664 illul
1090 3599 1300 3685 puteiient
1317 3602 1376 3658 nunt

311 3694 344 3754 et
362 3687 442 3754 ultor
461 3683 657 3752 liltrnriorun
676 3683 824 3750 ubuum
843 3693 972 3768 poteret.

600 3855 603 3863 ’
661 3885 877 3981 ntegra
905 3887 1034 3962 m.

411 4025 459 4094 lle
491 4023 689 4110 lioporitione
712 4025 774 4093 niul.
804 4028 840 4108 Q.
860 4029 896 4097 P.
916 4029 956 4108 ll,
974 4031 1007 4097 5.
1025 4047 1058 4114 p.
1078 4031 1133 4098 87.
1180 4027 1235 4096 lle
1260 4032 1378 4110 tenpore

309 4111 427 4182 torono
448 4111 517 4180 rid.¹
531 4131 610 4196 pune
629 4113 860 4180 oonieotnrirrno
878 4115 954 4181 inid.
975 4115 1001 4196 1,
1021 4121 1054 4184 o.
1073 4134 1105 4201 p.
1127 4118 1181 4182 26.
1406 4101 1407 4160 l

411 4219 441 4268 r.
469 4204 500 4266 l.
533 4201 612 4264 iter
637 4200 847 4284 protioirei
874 4201 991 4269 ilrneoo
1020 4219 1105 4269 nore
1133 4201 1248 4266 rliotunr
1275 4193 1377 4266 loeoln

301 4285 462 4358 werino
481 4284 603 4368 (Floril.
614 4302 648 4371 p.
662 4289 769 4372 222),
790 4289 893 4376 itepoe
913 4297 984 4358 unte
1005 4306 1073 4356 eun
1085 4289 1297 4366 Prooemium
1315 4284 1378 4350 Bur·
