2910 4930
593 303 692 396 meg.
714 307 758 392 rr,
780 311 812 375 c.
976 251 980 258 ’
1184 259 1336 388 ιο3’

179 471 289 628 singoli}
306 473 495 584 δριξξαμένι)
515 471 697 566 βόστρυχον
711 467 754 546 αὖ
775 473 947 568 ipinch-
960 470 1074 569 ἔτληςς
1093 491 1123 548 et
1144 481 1253 548 deiude

178 584 243 630 m
262 586 315 716 ug.
330 585 527 718 ³t‘gwrgerbc
546 649 659 714 lenis.
681 649 734 714 Sin
751 651 844 716 nostri
859 669 970 718 omnes.
1015 652 1100 720 Unde
1113 654 1144 718 ln
1158 671 1249 737 puos-

179 737 250 802 dsrr
264 737 360 802 libros
380 737 505 802 dormo
525 736 625 800 lenis
646 756 665 800 s
684 737 819 801 librariis
840 755 921 802 usum
936 739 1083 804 Graecum
1104 741 1249 821 ignorun-

177 826 260 890 tibus
279 823 409 901 senemr,
439 821 546 888 Dreod.
568 823 635 886 cod.
655 823 750 888 docet.
801 823 1020 888 Broullrusium
1040 828 1249 911 repetitionem

177 929 247 976 eum
267 909 525 992 „exosculantem
542 909 608 973 iure
628 907 706 974 ridet
725 909 847 976 breim.

548 1093 755 1202 Elegio
797 1109 880 1182 VI.

281 1243 458 1310 dirruentes
476 1242 563 1308 buius
584 1243 702 1324 elegiae
714 1243 836 1309 effectus
855 1250 886 1307 et
905 1241 1047 1310 transitus
1059 1246 1250 1328 praeruptio-

177 1347 230 1396 res
244 1329 455 1394 dubitationem
477 1332 590 1395 criticis
603 1341 765 1408 nonerunt,
787 1350 825 1394 uu
847 1331 895 1394 bic
909 1330 957 1394 rel
976 1330 1041 1395 illio
1061 1331 1248 1396 omentorum

177 1417 290 1480 iniuria
312 1435 429 1482 mancus
453 1425 531 1480 esset
549 1417 723 1480 ettcrbntus
745 1435 882 1482 rensuum
899 1415 986 1479 crdo.
1031 1417 1077 1482 De
1093 1436 1181 1497 rersrr
1195 1437 1249 1480 nu-

177 1513 239 1568 tem
260 1504 311 1566 25.
332 1505 392 1566 ium
413 1504 445 1566 iu
466 1503 635 1566 elocutione
656 1505 768 1582 egimus
787 1504 823 1581 Q.
838 1503 871 1566 P.
891 1501 929 1578 li,
950 1499 1029 1592 6.§.
1052 1507 1104 1566 13.
1129 1502 1247 1586 pluit.

178 1591 297 1655 dimissu
324 1591 400 1652 enim
427 1590 616 1652 consecutivo
642 1587 790 1670 porticulo
817 1588 942 1668 igitur
960 1590 1008 1653 rel
1028 1590 1149 1668 simills3
1176 1591 1249 1654 item

178 1673 218 1738 dc
238 1673 364 1757 trepidis
383 1675 539 1755 gesticmis
558 1675 648 1738 omui
668 1674 821 1738 niicotibns
842 1674 883 1748 ll;
901 1677 932 1742 5.
944 1691 975 1756 p.
988 1677 1040 1740 89.
1073 1676 1136 1740 Nee
1151 1683 1248 1740 tumen

106 1829 112 1851 .
177 1762 323 1824 absonum
344 1759 481 1826 ridentur
499 1761 591 1837 tptios
612 1759 817 1842 dispositionis
837 1759 962 1840 figurem
983 1778 1162 1864 proponere,
1188 1780 1248 1844 quo

177 1850 289 1912 rectius
312 1865 389 1911 nexu
410 1848 619 1911 sententiarum
632 1855 789 1930 perspecto
809 1846 1002 1928 interpretem
1019 1848 1153 1928 singulos
1165 1847 1250 1912 locos

178 1933 280 1996 licent.
325 1934 464 2013 Lyrioum
487 1951 583 2015 poeno
610 1941 703 1998 totum
727 1949 845 1996 carmen
867 1940 921 2008 est,
949 1933 1009 1995 uis'i
1033 1933 1115 2015 qnod
1136 1935 1169 1996 iu
1189 1934 1248 1998 line

180 2018 369 2082 deliberativi
395 2023 463 2100 (37.
493 2021 561 2099 38.)
591 2027 621 2084 et
645 2019 775 2082 snsnorii
796 2019 917 2099 generis
945 2019 1013 2098 (39.
1037 2023 1105 2098 to.)
1134 2019 1249 2102 uliquid

178 2105 337 2168 admixtum
360 2113 414 2170 est.
454 2106 499 2169 Ac
519 2103 750 2187 primoquidem
769 2122 841 2186 pers
863 2105 942 2186 (ab),
961 2121 1115 2186 quercu
1131 2109 1247 2170 t-ne,

178 2193 316 2276 pertinet,
332 2190 479 2254 facillimo
500 2190 652 2256 intellectu
673 2199 728 2254 est.
772 2189 939 2270 Tripcrtits
956 2192 1036 2255 ¹enini
1058 2191 1124 2255 eius
1141 2189 1248 2256 divisio

178 2277 265 2362 (στρ.
289 2281 397 2342 1-8,
418 2265 561 2362 dnmp.
582 2280 712 2342 9-14.
732 2270 835 2359 tnnc.
852 2277 1014 2358 15—22.)
1035 2278 1154 2340 anxium
1175 2295 1249 2362 poe·

177 2373 238 2427 tum
261 2371 291 2426 et
311 2363 412 2426 mule
432 2373 676 2442 augurentem
698 2380 736 2426 ex
757 2361 1129 2444 compunctionesimilinru
1142 2381 1250 2427 ceusu·

177 2467 244 2512 rum
265 2447 417 2523 describit,
437 2467 515 2532 quse
530 2448 701 2513 necessario
718 2465 751 2511 se
772 2457 918 2525 maneant,
938 2467 1027 2530 quum
1048 2458 1156 2531 operis
1171 2450 1249 2530 Gyn-
1338 2448 1340 2456 ’

176 2537 259 2600 tiniec
278 2525 396 2613 digitio
415 2542 445 2598 et
470 2535 563 2617 ipsine
584 2536 698 2597 unimus
719 2543 828 2597 untnrs
855 2535 914 2598 ium
936 2535 1122 2618 suspicemur
1142 2552 1250 2601 cousc-

179 2621 256 2686 oicri
284 2639 468 2702 nequequam
497 2622 623 2702 possint.
673 2619 727 2684 llis
754 2621 851 2684 tnrbis
881 2621 1023 2704 undqnue
1050 2621 1248 2703 simplicitatis

177 2718 314 2789 tempore
336 2710 437 2790 quicto
458 2715 488 2770 et
506 2708 651 2780 constitutis
670 2707 832 2788 specimine
849 2706 981 2770 brevitor
1008 2712 1132 2788 opponit
1150 2708 1201 2784 (B.
1220 2725 1249 2770 r.

179 2797 334 2875 2³·.24·)·
381 2791 443 2856 Neu
470 2800 568 2856 rouen
595 2794 708 2868 incure,
736 2791 816 2873 quod
836 2793 912 2855 bueo
934 2793 1005 2856 olim
1031 2793 1118 2856 ctiam
1136 2794 1249 2858 bouso

177 2881 307 2956 inerint,
331 2896 427 2960 neque
454 2880 530 2940 eninr
557 2877 667 2958 templu
690 2877 853 2958 pudicitiae
875 2896 896 2939 tt
920 2879 1082 2941 maioribus
1102 2881 1132 2941 in
1153 2880 1249 2942 bono·

177 2985 244 3032 rem
264 2975 294 3029 et
314 2964 477 3046 exemplum
497 2963 664 3045 puellarum
686 2962 823 3028 dedicere
840 2973 944 3026 contra
964 2965 1148 3042 ingruentem
1162 2964 1248 3027 luxu-

178 3055 255 3116 riem
277 3051 437 3134 quidquem
460 3049 598 3114 suluisse.
648 3049 821 3112 obscoenus
847 3049 976 3112 tabellas
998 3051 1057 3112 ium
1078 3051 1109 3112 in
1132 3048 1249 3114 deliciis

178 3155 257 3203 esse.
300 3136 362 3200 ilus
390 3136 458 3218 plns
478 3135 590 3211 uslere,
619 3151 707 3216 quum
729 3134 850 3198 deornm
874 3135 914 3208 (r.
938 3137 1105 3214 25-36.)
1123 3135 1251 3216 religio·

176 3242 244 3289 nes.
293 3221 385 3289 Vides
413 3225 507 3303 igitur
531 3223 647 3304 primur
668 3221 762 3302 portis
782 3229 985 3299 cognmentum
1003 3225 1168 3304 repetitum,
1194 3219 1249 3284 sed

178 3309 411 3376 coniunctim
443 3317 474 3372 et
499 3308 530 3370 iu
549 3307 661 3371 saecoli
679 3307 779 3388 potius
800 3323 907 3381 mores,
936 3325 1023 3388 quem
1044 3309 1074 3370 in
1096 3307 1249 3388 Cynthium

176 3413 313 3469 rursum
333 3394 477 3476 simulque
490 3411 609 3458 oensem
622 3393 823 3476 corruptionis
834 3390 965 3455 additum
980 3385 1248 3472 (dant-eni
1298 3401 1303 3414 ’

177 3485 284 3564 Neque
306 3482 477 3553 sconsebist
500 3481 647 3562 exputinri
666 3481 742 3542 enim
763 3477 908 3542 interdum
929 3479 1048 3560 lougius
1067 3491 1174 3562 poetae
1188 3481 1249 3543 cle-

178 3572 270 3651 gisco
294 3568 366 3630 licet
392 3567 568 3648 praesertim
590 3583 655 3629 oum
677 3582 768 3629 conss
790 3563 935 3646 episodii,
961 3567 1120 3646 imaginum
1139 3567 1248 3630 mentio

177 3675 208 3720 r.
230 3661 262 3720 9.
283 3653 364 3716 lootc
385 3662 538 3736 opponent.
585 3652 706 3716 Interim
726 3653 855 3735 portenti
882 3650 1029 3714 secundus
1048 3653 1142 3733 portis
1160 3671 1249 3734 repe·

175 3741 284 3807 titione
304 3731 364 3818 (B'.
386 3756 414 3802 r.
437 3741 488 3802 33.
503 3741 571 3815 34.)
594 3747 712 3819 questus
733 3739 939 3800 continuentur
955 3746 985 3800 et
1006 3737 1182 3801 clauduntur
1204 3737 1219 3810 t
1241 3785 1247 3798 .

178 3831 234 3892 tin.
251 3816 407 3904 36.Α.”),
434 3823 486 3887 nbi
512 3832 610 3887 tumen
633 3833 767 3905 apertum
793 3822 926 3886 mendum
947 3823 1139 3887 librariorum
1161 3824 1250 3903 culpo

178 3916 305 3978 carmini
323 3912 463 3974 indictum
477 3929 581 3974 nexum
600 3911 808 3973 sententiarum
823 3908 908 3972 mole·
921 3909 991 3972 olim
1011 3911 1165 3986 turbulam
1187 3909 1247 3972 rid.

179 4001 257 4064 euim
279 4007 431 4063 comment.
451 3994 491 4060 ud
513 4016 542 4061 r.
565 3999 618 4061 35.
660 3995 722 4058 lom
740 4011 814 4058 roro
836 3995 988 4058 meliorum
1004 4005 1168 4076 temporum
1189 4013 1250 4058 me·

178 4086 304 4150 morium
333 4101 397 4147 oum
424 4090 505 4146 sorte
531 4091 640 4166 poetcc
665 4090 866 4163 compunctum
893 4081 931 4145 ud
953 4081 1102 4146 sedandos
1125 4079 1248 4142 effectus

181 4173 257 4236 nibil
270 4170 372 4234 rulere
391 4176 524 4252 oppnret.
566 4167 669 4248 linquo
690 4169 785 4230 exitus
804 4184 923 4248 quoqne
936 4167 985 4243 (G.
1005 4170 1172 4242 37-42.)
1185 4168 1250 4230 uni·
1341 4243 1345 4253 y

181 4276 259 4324 mum
287 4259 368 4320 intra
390 4256 526 4320 timorem
560 4261 650 4338 ctqne
682 4269 766 4336 spem
792 4253 891 4320 udbuc
916 4252 1076 4336 pendulum
1111 4253 1250 4317 ostendit.

1423 3897 1426 3972 ,t
