2912 4920
244 359 324 443 330
411 431 417 440 ,
503 396 508 403 -
564 354 828 426 Commentarius
848 353 884 424 in
910 351 1011 444 Prop.
1057 433 1081 444 ..

248 551 354 599 mora
381 533 452 618 quid
479 533 517 598 ait
533 535 565 598 in
586 553 622 598 re
643 533 806 613 amatoria,
832 531 893 599 rii.
920 531 969 598 nt
987 531 1025 612 11,
1047 533 1099 610 23,
1121 531 1172 596 itt.
1191 527 1244 608 111,
1267 533 1316 610 13,

252 625 300 687 14.
323 620 573 705 repulsorem
594 622 625 691 in
645 621 762 686 lexicis.

349 725 378 772 r.
408 711 460 772 27.
493 707 601 770 Nescio
631 708 700 790 quid
734 703 965 771 terriculamenti
993 703 1024 767 in
1052 703 1154 784 Tyriis
1186 702 1318 768 reatibus

249 791 388 856 Kainoei.
407 795 562 869 inuenerit,
592 796 641 876 qni
662 793 808 856 turbatum
829 794 954 855 aninum
975 801 1005 854 et
1025 791 1197 854 titubantem
1218 807 1320 852 eorum

250 889 373 960 tapecta
405 880 539 960 linguam
571 881 753 962 „graphice‘
787 879 835 941 bic
865 877 992 940 describi
1023 878 1174 940 doceret„
1215 877 1254 938 At
1281 893 1318 938 ne

252 965 347 1029 oculis
367 966 484 1046 quinem
507 967 617 1030 aditum
637 977 757 1049 putere:
785 967 842 1031 boc
864 983 939 1038 este,
967 963 1045 1045 quod
1070 964 1100 1026 in
1130 961 1238 1045 puellia
1258 962 1316 1025 lto·

253 1053 347 1115 menia
378 1062 533 1134 queratur,
563 1053 631 1116 tium
660 1048 840 1116 contrarium
867 1051 898 1112 in
921 1049 1078 1132 Spartanis
1098 1049 1217 1124 iaudat,
1247 1049 1316 1111 satit

254 1137 342 1201 docet
367 1156 394 1201 r.
424 1143 475 1202 30.
504 1139 665 1221 appositio.
725 1137 786 1200 iias
815 1137 902 1200 etiam
928 1137 1147 1212 „taileutee
1175 1133 1317 1196 lumina

253 1228 405 1288 reatea“
426 1225 525 1300 (Ouid.
548 1225 631 1288 Faat.
648 1225 686 1300 11,
710 1227 798 1302 335.)
843 1223 961 1286 Furunna
984 1222 1089 1284 aderat
1114 1221 1206 1284 aenei
1235 1221 1318 1284 iece-

253 1317 336 1392 ptuu:
358 1315 536 1375 errantia
557 1321 654 1374 autem
676 1319 744 1394 port
762 1308 906 1372 ialiuu't
927 1302 1123 1392 ἐπεξήγησις
1137 1315 1182 1370 eat
1195 1323 1317 1389 prorant

163 1399 168 1408 '
254 1395 460 1480 Propertium,
483 1397 520 1460 de
543 1417 603 1480 qna
623 1397 748 1459 diximus
770 1396 807 1474 Q.
820 1396 854 1460 P.
867 1395 905 1470 11,
921 1397 951 1458 6.
974 1413 999 1459 a.
1012 1395 1052 1456 11.
1068 1389 1095 1476 §.
1111 1398 1161 1457 21.
1177 1411 1209 1474 p.
1228 1397 1299 1457 113.

324 1534 327 1545 .
357 1501 385 1545 r.
408 1487 459 1550 28.
481 1483 668 1548 adoratae
682 1515 725 1528 ···
740 1479 846 1544 donni.
890 1481 973 1544 itanc
989 1479 1083 1561 Neap.
1105 1480 1282 1559 aoripturan
1302 1496 1320 1541 a

254 1560 410 1634 νοω-111.
442 1579 471 1633 et
493 1571 640 1648 Scaligcri
663 1569 809 1650 excerptis
832 1567 1046 1640 confirmatam,
1074 1564 1168 1629 donec
1194 1567 1321 1630 certiora

245 1655 428 1718 'coniectura
448 1657 531 1720 iacua
552 1662 778 1738 percunctator,
805 1655 916 1735 recepi.
946 1653 1139 1715 adoratae
1161 1652 1237 1714 enim
1263 1669 1322 1714 cn·

158 1756 163 1765 ·
257 1757 332 1801 ram
357 1741 394 1804 dc
416 1743 751 1807 aaltrtantium'moleata
771 1741 873 1822 utique
895 1735 1020 1802 amatori
1043 1739 1130 1799 turbu
1153 1737 1263 1802 dictam
1281 1738 1323 1800 in·

256 1824 396 1906 teiiigere
418 1832 533 1911 pausia,
556 1847 647 1912 (puae¹
661 1827 835 1892 uestibulum
858 1833 886 1888 et
912 1826 1018 1888 atrium
1043 1823 1200 1904 compleat.
1253 1824 1323 1888 Nam

257 1911 425 1979 adorare
448 1933 511 1978 ιιι
533 1914 636 1996 aliqua
656 1907 838 1998 ὑπερβολῇ,
859 1931 944 1994 qnam
965 1911 995 1974 in
1011 1910 1129 1973 domina
1149 1919 1252 1973 amata
1271 1927 1324 1972 nun

258 2000 454 2076 aegrescas,
476 2019 532 2083 pro
551 2003 736 2064 uenerari
759 2009 788 2063 et
808 1998 978 2062 sainture
998 1997 1067 2071 dici,
1088 1997 1186 2059 lexica
1208 1995 1325 2060 abunde

258 2083 376 2149 docent.
420 2087 495 2149 iiiuc
516 2103 574 2150 non
596 2089 681 2148 nimis
704 2085 803 2148 audax
823 2084 960 2148 ridentur
982 2083 1140 2160 eitingere:
1164 2081 1326 2146 adoran·

259 2176 344 2232 tum.
388 2170 596 2236 Ganterirero
619 2172 772 2246 medicina,
794 2171 926 2251 qnamria
948 2171 1021 2234 aatia
1040 2168 1238 2232 iliarioienta
1261 2169 1324 2250 (pro

262 2253 359 2318 iani
377 2291 416 2303 —
433 2263 583 2334 comae),
603 2276 788 2340 nequaquam
802 2257 894 2319 ulceri
906 2258 1069 2318 inveterato
1085 2254 1226 2316 medetur.
1257 2257 1326 2320 Nan

261 2340 340 2404 inter
363 2360 414 2405 eea
436 2355 500 2422 rea,
529 2363 605 2426 qnae
628 2343 855 2407 commercio
884 2342 1036 2406 etriani
1059 2341 1234 2403 attactui
1265 2339 1327 2402 oii-

262 2427 357 2502 ciaut‚
385 2430 485 2512 inepte
513 2449 605 2494 cura
633 2447 761 2493 comae
790 2429 949 2492 referatur.
992 2431 1035 2492 Ab
1057 2443 1093 2488 ne
1116 2426 1188 2489 iilud
1211 2427 1327 2508 quidem

260 2509 445 2580 Plautinum:
472 2514 559 2594 „dnm
579 2527 738 2599 parantur,
760 2515 827 2576 duum
850 2523 1125 2589 commutaremus
1147 2517 1213 2575 est“
1229 2547 1273 2559 -
1286 2514 1326 2573 iu·

261 2599 359 2676 rabit3
386 2621 451 2665 nam
479 2603 518 2666 de
533 2619 651 2665 ‘mora
671 2601 884 2682 expectantium
908 2601 967 2663 iam
994 2618 1021 2662 r.
1044 2603 1094 2662 26.
1117 2607 1231 2678 egerat.
1278 2599 1326 2660 Sin

158 2733 164 2746 .
262 2685 343 2749 iorte
363 2687 524 2752 baiitbm
545 2689 666 2770 pneilae
688 2689 836 2768 corrumpi
849 2685 992 2748 odoribus
1013 2701 1144 2758 censeas,
1166 2686 1235 2746 buic
1251 2693 1326 2746 cate

263 2773 416 2836 nolestiae
438 2775 589 2838 Romanae
610 2773 729 2859 puellae
757 2773 915 2848 habebant,
942 2769 1020 2853 quod
1043 2772 1163 2850 grauius
1185 2771 1214 2832 in
1238 2771 1327 2852 Spar·
1374 2764 1377 2774 '

262 2861 341 2923 tanis
364 2861 595 2941 exprobrarent,
624 2861 721 2924 oleum
745 2859 962 2941 palaestricum,
983 2857 1061 2939 quod
1082 2857 1197 2918 scilicet
1217 2857 1250 2918 in
1272 2875 1327 2918 am·

262 2945 353 3028 plexu
375 2947 496 3010 neritum
519 2949 659 3011 emunctis
681 2964 739 3009 non
762 2947 847 3006 nimis
868 2943 1022 3006 iucundum
1039 2949 1126 3004 earet.
1169 2941 1329 3005 Praeterea

263 3031 452 3112 pnotaudem
466 3031 552 3096 nubo
574 3049 701 3096 cumae
722 3032 915 3093 librariorum
929 3030 1014 3112 lapan
1027 3029 1057 3092 iu
1080 3027 1183 3090 domi
1205 3029 1327 3090 transire

188 3198 189 3207 ἵ
261 3116 428 3265 padtuitaets
441 3137 627 3202 nequaqnam
656 3117 939 3184 demonstraveram.
982 3115 1027 3180 Ne
1048 3113 1148 3190 multa,
1173 3113 1329 3194 legendnm
1383 3141 1387 3160 ·

263 3203 397 3268 rietur:
1086 3213 1089 3226 ·

400 3305 449 3358 Eat
466 3321 547 3375 mona
562 3305 672 3360 odoro
688 3321 803 3358 raauaa
820 3317 886 3357 euru
901 3303 1123 3360 maturauerat.

263 3387 329 3456 itae
350 3393 427 3454 enirn
448 3393 514 3456 istis
536 3391 750 3475 inpedimentis
771 3390 892 3456 deerat:

402 3519 436 3532 —
454 3494 555 3546 raaia
571 3495 600 3546 ta
615 3499 723 3546 aoatroe
738 3494 816 3546 airum
832 3497 987 3559 eaperrerta
1004 3491 1118 3558 uiatores,

338 3611 341 3616 .
437 3554 501 3614 Oura
514 3561 634 3628 satiatio
650 3577 706 3614 aueo
722 3563 817 3630 pollice
834 3563 922 3613 rtatru
938 3561 1072 3642 soreat'-

264 3653 298 3710 nt
317 3639 361 3711 a'it
380 3646 430 3724 iv,
450 3650 482 3724 b,
500 3645 552 3713 73.
573 3648 624 3712 nbi
646 3665 674 3711 r.
695 3648 798 3712 Bnrm.
820 3655 849 3710 et
864 3645 998 3710 Bromii.
1016 3645 1141 3710 eundem
1162 3644 1201 3710 ad
1221 3642 1328 3708 Tibnil.

264 3731 290 3809 1,
313 3736 343 3807 1,
366 3737 415 3796 32.
437 3733 537 3797 Burm.
558 3733 599 3800 ad
618 3734 739 3799 Antial.
760 3735 827 3798 bat.
840 3733 879 3797 11.
891 3753 920 3816 p.
934 3737 1007 3796 293.
1049 3733 1095 3796 11ι
1117 3750 1190 3796 roca
1213 3731 1328 3795 adura

172 3842 178 3855 ·
265 3834 351 3880 uemo
374 3819 552 3884 dubitauerit
581 3821 650 3886 coli.
671 3820 756 3901 Virg.
775 3825 848 3882 itan.
866 3819 916 3895 tv,
941 3821 1012 3883 131.
1043 3817 1182 3895 (adora
1208 3833 1326 3881 canum

266 3905 300 3970 ri
311 3909 350 3982 s),
372 3923 425 3967 nec
440 3909 533 3984 magia
549 3905 586 3969 de
604 3905 743 3986 enallage
751 3907 908 3988 Propertio
925 3904 1131 3968 usitatissima
1153 3922 1224 3967 cura
1238 3903 1326 3966 odora

265 4004 369 4053 ιιιιιι
390 4007 540 4072 procura
562 3989 722 4056 oiarcrnm
744 4009 862 4068 canum,
887 3990 975 4070 quod·
997 3992 1067 4072 poni
1088 3993 1147 4054 iam
1168 4007 1256 4052 sonus
1277 3987 1326 4049 ab·

266 4077 387 4140 aurdiur
408 4077 534 4140 uetabat
587 4079 690 4142 Gara
711 4095 841 4142 canam
861 4074 970 4142 deinde
989 4095 1028 4142 ue
1048 4095 1105 4163 pro
1127 4075 1261 4141 comedia
1280 4089 1325 4138 ct·

85 4227 92 4237 .
127 4151 149 4172 ⁸
224 4255 228 4260 Ι
266 4181 334 4231 nunt
356 4179 416 4263 non
440 4161 500 4230 dici
518 4163 634 4244 credas,
655 4165 774 4229 caniet:
835 4196 839 4206 =

912 4262 1029 4316 Narteiut
1044 4261 1142 4316 boetem
1198 4317 1200 4322 ,

398 4332 493 4388 vara
509 4345 628 4416 ruoauoa
644 4333 767 4401 surrepta
782 4331 877 4429 propri
893 4331 1038 4388 munuum
1054 4337 1127 4386 arcet
1139 4357 1173 4371 -
