2870 4922
203 385 256 468 70
523 389 785 461 Commentarius
806 391 842 458 in
861 389 960 480 Prop.

207 559 365 628 leuiter
391 515 597 642 reiersniun,
622 565 754 630 unire
773 563 979 630 Tiesseils
1005 583 1079 630 reru
1100 581 1159 628 non
1180 563 1281 628 subie-

210 658 290 712 otnm
317 658 377 728 est,
404 651 458 714 reri
486 651 661 734 preeiioeto
689 652 839 730 edditum,
867 661 899 716 ut
926 651 1048 729 iiiiii,
1070 655 1121 728 ΙΘ,
1144 657 1199 716 to:
1226 651 1281 712 ilie

212 744 296 798 erret
323 771 365 784 -
387 737 567 820 spiritus;
588 739 689 802 neseio
708 747 821 814 temen,
843 755 901 820 quo
925 755 990 800 meo
1013 755 1118 802 errore
1140 739 1282 812 evenerit,

111 874 114 892 ,
210 832 245 883 ut
266 821 297 882 in
319 820 424 886 ordine
445 825 583 888 terminis
605 834 711 887 contre
737 841 774 886 se
795 824 930 888 roiebem
952 823 1131 888 Thessalus
1150 855 1191 870 -
1217 841 1282 886 um·

211 905 271 970 iore
292 918 477 972 exereretur.
520 909 584 973 Hoo
606 910 702 986 eddo,
720 909 842 974 eundem
863 911 957 974 uirum
977 911 1028 992 qni
1050 919 1138 975 untes
1157 927 1283 975 tooure·

210 993 292 1056 tiore
311 994 516 1076 appellatione
537 995 774 1078 Phylacides
795 995 890 1060 dietus
912 1005 992 1072 eret,
1017 997 1048 1058 in
1070 999 1167 1060 silero
1188 1013 1283 1060 eunu-

209 1078 279 1142 tisri
298 1082 429 1144 membro
449 1083 593 1146 eommnui
614 1083 729 1146 nomine
743 1081 969 1145 Thesteium
989 1083 1047 1144 nisi
1067 1085 1195 1147 murino
1215 1083 1284 1146 len-

209 1177 308 1246 guore
330 1169 493 1250 nunoupsri
514 1186 572 1231 non
589 1187 690 1250 posse.
732 1167 779 1232 De
799 1167 947 1231 eiieetiro
962 1185 1035 1232 uero
1058 1169 1283 1245 Thessalis,

213 1250 295 1333 quoi
323 1270 379 1336 per
399 1253 561 1334 eunlisgeu
582 1254 740 1337 Propertio
769 1271 912 1336 perquam
941 1253 1116 1318 familiarem
1136 1259 1281 1320 sonoros

212 1335 346 1402 eutium
367 1349 423 1416 est,
442 1357 502 1404 non
522 1340 582 1422 ipsi
602 1341 746 1414 subiecto,
765 1339 825 1405 rio.
840 1340 876 1419 Q.
890 1339 924 1403 1¹.
940 1341 976 1416 ΙΙ,
990 1345 1019 1404 6.
1042 1359 1071 1422 p.
1089 1345 1160 1406 144.
1182 1345 1210 1430 p.
1227 1345 1281 1406 24.

212 1425 407 1506 antiquom
428 1435 535 1502 eutem,
556 1427 577 1488 Ι.
592 1443 619 1488 e.
640 1425 843 1509 pristinem
866 1424 982 1489 domum
1003 1445 1041 1490 ne
1063 1437 1182 1508 tergus,
1198 1445 1281 1494 ose

212 1510 249 1573 oi
267 1509 353 1574 looi
371 1530 400 1576 t.
421 1515 453 1578 8.
474 1511 643 1589 admonent,
665 1513 717 1592 qni
738 1511 786 1574 illi
800 1521 1002 1594 opponuntur.

313 1616 341 1663 r.
369 1603 422 1664 rt.
470 1597 747 1677 isti-littore,
780 1600 984 1662 suntmortis.
1027 1595 1141 1663 (liei
1168 1597 1216 1665 iil.
1243 1599 1282 1676 ΙΙ,

187 1684 264 1762 ¹28,
286 1685 339 1748 39.
403 1691 407 1702 ’

312 1788 342 1834 r.
366 1772 417 1836 ro.
444 1767 645 1835 Burmannus:
669 1767 794 1848 „Venus
821 1769 897 1845 troo,
923 1769 959 1834 si
986 1767 1058 1834 ries
1084 1771 1206 1847 iuste,
1234 1771 1283 1834 r.“

211 1851 294 1918 irete
318 1856 408 1920 oredo
433 1857 501 1940 ipso
526 1857 662 1934 Venere,
689 1856 778 1919 morio
798 1857 949 1919 sensisset.
991 1855 1030 1920 iit
1050 1866 1148 1920 tomen
1167 1857 1284 1938 recepit

212 1939 390 2006 Kuinoelios
421 1943 523 2006 neseio
556 1941 628 2025 quiri
660 1941 698 2004 tie
723 1943 841 2010 Venere
866 1941 1087 2025 ψνχοπομπῷ
1120 1944 1279 2006 somniem.

211 2025 260 2090 lie
279 2036 376 2092 eutem
403 2027 440 2092 de
467 2029 620 2094 outteituu
640 2028 753 2106 dinem,
781 2027 926 2110 equilus
953 2028 1135 2093 Venerem
1160 2030 1283 2093 notissi-

213 2129 291 2175 mum
319 2113 455 2179 librariis
481 2114 567 2179 deum
592 2115 720 2178 obscuro
743 2113 875 2177 Telluris
896 2115 1027 2191 nomine,
1054 2114 1141 2196 lspsn
1168 2116 1284 2180 scilieet

212 2197 452 2279 elegantissimo,
478 2201 632 2284 expulsum
651 2203 718 2266 iure
741 2201 873 2263 mireris:
901 2200 1056 2263 serissime
1074 2209 1119 2263 est
1138 2203 1214 2265 Astii
1235 2203 1296 2290 ing

212 2288 391 2368 terpretetio
417 2287 672 2370 (obss.p,17.):
701 2287 841 2364 „iustu
859 2285 891 2348 iu
913 2302 949 2348 eo
971 2287 1067 2362 iuste,
1086 2287 1112 2348 si
1133 2286 1180 2363 id,
1202 2287 1283 2376 qood

214 2371 303 2436 iure
330 2371 378 2452 iit,
405 2374 555 2438 tribuit
576 2382 667 2454 etque
694 2370 863 2436 coneedit.“
914 2374 953 2435 Ar
981 2381 1197 2436 contortum
1220 2391 1286 2436 esse

212 2457 488 2544 interpretationem
514 2459 653 2524 Koinoel.
683 2459 742 2536 sit3
768 2457 883 2523 roilioet
907 2457 1077 2538 inpeditum
1104 2455 1206 2522 uisere
1228 2475 1287 2524 ro-

212 2543 280 2609 luit.
323 2549 369 2610 Au
387 2547 467 2610 iorte
481 2546 653 2628 impeditum
665 2545 775 2608 uixerit
797 2551 828 2608 et
847 2542 1062 2607 oleniieentem
1074 2544 1192 2608 Horatii
1215 2563 1286 2608 ore-

211 2632 322 2696 tionen
344 2631 402 2697 Ori.
423 2631 448 2710 Ι,
469 2635 521 2711 24,
542 2637 589 2697 t.:
618 2631 676 2710 Qui
691 2663 730 2676 -
744 2629 844 2714 posuis
862 2627 1035 2709 Quintilium
1056 2629 1130 2693 deos
1151 2665 1193 2680 -
1213 2649 1285 2694 uon

212 2717 270 2782 its
290 2716 486 2796 eruditum,
507 2717 567 2782 ie.
590 2733 648 2780 uon
669 2717 726 2780 irso
749 2714 929 2780 eonditioue.
971 2715 1062 2799 Prop.
1083 2716 1134 2791 IV,
1150 2719 1200 2796 ΙΙ,
1214 2721 1284 2782 so:

212 2803 335 2885 longor,
354 2801 472 2882 Psulle,
493 2813 544 2868 tuo
567 2805 626 2867 sio
648 2801 818 2866 discessuro
838 2801 940 2877 nubili,
960 2801 982 2865 i.
1002 2802 1161 2878 ejunus.
1209 2803 1286 2868 tou

212 2889 253 2968 ΙΙ,
274 2891 325 2966 25,
345 2893 399 2955 40.
420 2889 474 2966 ΙΗ,
497 2894 546 2968 to,
572 2895 621 2955 te.
664 2889 852 2971 Depreestur
872 2888 964 2968 igitur
985 2886 1178 2968 Telluris,
1206 2891 1285 2955 elios

211 2975 392 3041 iustissimos
413 2977 498 3053 dene,
518 2975 605 3041 siles
627 2975 667 3040 sit
687 2975 797 3051 disere,
817 2973 1010 3038 iniurium.
1063 2974 1159 3037 Penes
1181 2977 1287 3040 Tellu-

211 3081 275 3126 rem
296 3073 394 3128 eutem
417 3063 622 3127 enimernm
643 3071 689 3126 est
715 3061 909 3144 imperium
930 3068 959 3123 et
980 3057 1067 3122 series
1088 3061 1194 3142 ruique
1215 3081 1284 3126 sues

213 3149 365 3212 tribuendi
387 3149 553 3215 arbitrium.
596 3149 672 3212 Hine
693 3147 818 3212 Sueten.
839 3146 910 3211 Tib.
931 3149 1000 3210 its:
1020 3146 1182 3210 Terram
1202 3149 1237 3211 Μ
1245 3168 1286 3212 e-

211 3243 307 3298 trem
329 3235 463 3316 deosque
490 3235 597 3298 Menos
616 3241 751 3307 urerent,
781 3250 819 3296 ne
848 3243 997 3296 mortno
1018 3230 1144 3295 reden
1166 3233 1286 3299 uilem

213 3321 372 3384 nisiinter
396 3321 531 3402 inpios
560 3317 676 3383 tierent.
718 3317 841 3393 Goutrs,
869 3316 949 3399 quod
972 3326 1017 3382 est
1037 3318 1067 3380 in
1090 3317 1303 3383 mellitissimo·

214 3405 367 3488 epitaphio
386 3407 497 3489 Aquini
524 3411 647 3488 reperto
674 3403 800 3483 (Meris.
823 3405 903 3470 Aett.
920 3403 971 3468 Fr.
992 3406 1064 3467 Aru.
1083 3403 1124 3469 11.
1150 3424 1181 3489 p.
1211 3409 1286 3472 880.

214 3490 310 3556 orell.
331 3491 365 3557 (l.
387 3491 558 3599 timp:

280 3627 399 3682 Pondere
416 3627 531 3682 ηΙΙΙισΙυ
548 3611 737 3693 rsttltstf.
758 3623 926 3691 Thetidis)
944 3625 1120 3745 routpertum
1133 3639 1216 3680 orso

321 3699 433 3752 (irato
449 3699 534 3766 suopte
553 3698 704 3762 Terror,
722 3693 976 3764 quantillum,
1017 3708 1091 3761 appr.

314 3854 344 3901 r.
367 3840 408 3902 ΙΙ
420 3854 487 3919 sqq.
526 3833 662 3917 Singulis
683 3833 790 3917 quibus
812 3831 909 3896 uritioi
929 3831 1007 3895 iuno
1027 3831 1125 3893 locum
1144 3839 1289 3895 rexerunt

214 3921 394 3987 oonieoturis
423 3920 563 3987 muniis
587 3932 702 4004 tenpus
726 3919 899 4002 impendere
934 3917 1045 3997 religio
1074 3925 1129 3981 est.
1193 3917 1287 3980 Unum

214 4024 430 4085 commemoro,
456 4007 536 4090 quot
557 4008 722 4073 diutissime
743 4007 775 4068 in
790 4003 971 4071 editionibus
988 4003 1099 4077 haesit,
1127 4004 1208 4066 tuis
1229 4020 1287 4084 pro

214 4095 328 4172 nreis,
354 4113 374 4158 s
395 4093 554 4174 Souligero
575 4093 719 4157 sudsoter
747 4099 777 4156 et
804 4091 887 4155 nullo
914 4090 1060 4152 librorum
1081 4087 1215 4150 subsidio
1239 4107 1289 4152 re·

213 4181 351 4261 positum.
400 4181 462 4245 Sed
492 4197 595 4245 rursus
615 4199 644 4243 s.
668 4181 718 4242 ΙΘ.
740 4177 915 4241 sententium
935 4176 1047 4257 primus
1066 4191 1146 4247 sere,
1167 4184 1200 4237 ut
1220 4175 1290 4255 piu-

213 4266 307 4341 rima,
333 4266 524 4350 perspexisse
549 4265 621 4328 mihi
645 4263 764 4329 ridetur
784 4262 971 4326 Passeratius
996 4261 1040 4322 sio
1062 4260 1289 4340 interpretetus:

211 4349 280 4428 „To
307 4361 425 4418 nortus
452 4353 541 4417 etism
560 4347 635 4416 miii
664 4351 811 4431 misero,“
835 4347 982 4432 (herinis
1004 4347 1077 4410 meis
1084 4391 1094 4424 ,
1123 4345 1196 4411 ie.
1217 4347 1291 4410 nili
