2950 4932
251 373 331 460 m
588 371 850 446 commendarim
869 373 904 444 ln
924 371 1023 462 erup

251 551 326 617 dam
345 563 411 615 on·
431 527 589 634 superiore
609 551 780 615 taanenu
802 545 979 626 aautuumt,
999 554 1033 613 ut
1056 547 1122 613 lio
1149 561 1227 611 nos
1249 557 1332 614 esset
1469 607 1470 610 ,

253 653 357 716 μου,
377 635 428 720 qut
448 653 544 700 nuno
565 653 637 700 uon
658 645 736 712 est,
767 635 883 700 sailioet
903 654 959 717 per
979 651 1067 718 quem
1086 634 1182 699 nolint
1200 651 1331 718 peoosrs
1469 705 1470 708 ,

253 723 374 808 puellae
382 725 411 802 ,“
429 755 473 768 -·-
503 739 590 805 quam
611 721 733 796 Latine,
763 721 829 804 lpse
856 721 960 786 ridere
989 731 1119 804 poterat.
1165 721 1241 784 lliuo
1269 725 1331 784 iam

140 811 146 821 “
182 873 192 898 Ι
253 818 361 892 sponte
382 808 524 874 luduntur
540 809 705 890 sequentis,
726 807 866 889 quassis
887 807 940 871 ills
957 808 1124 871 constituite
1144 805 1218 871 Sed
1239 825 1332 888 quun

253 893 448 961 montionis
469 913 498 958 a.
515 893 538 960 i.
560 912 590 978 p.
612 911 642 957 o.
690 892 729 958 Et
748 903 870 976 post-
886 912 991 976 squas,
1010 892 1067 956 ilia
1089 893 1295 958 uuili-oeta

358 997 388 1045 r.
409 983 462 1046 61.
484 981 703 1062 st—tuqua
725 995 763 1042 es
785 979 932 1044 mirata
962 977 1050 1058 Quod
1072 977 1160 1044 oodd.
1182 996 1250 1042 mss.
1273 997 1330 1042 mo·
1469 1009 1470 1038 1

175 1126 180 1137 .
254 1065 425 1132 sniomues
437 1067 592 1131 axlibsut:
613 1083 651 1128 ss
674 1065 832 1142 imitata,
849 1083 909 1129 uon
930 1063 1082 1129 terendum
1105 1065 1243 1130 easeiam
1258 1075 1330 1129 ants
1469 1077 1470 1142 g

253 1167 312 1217 ttos
333 1167 433 1216 ommes
452 1151 514 1219 W.
536 1151 602 1216 Di).
622 1160 848 1229 oonseusaruut,
875 1151 932 1216 uisi
954 1150 1035 1236 quod
1054 1149 1187 1215 Broukl.
1214 1167 1330 1233 „saepe
1469 1153 1470 1210 i

556 1238 564 1255 .
641 1239 649 1254 .
1062 1238 1069 1252 .
1130 1241 1150 1272 ⁸,
1469 1243 1470 1252 ,

254 1247 584 1391 ttitdtttt
601 1238 1330 1404 ulttttttllttt‘ttllitattolit

253 1413 354 1496 potius
375 1411 540 1493 sirionem
560 1407 647 1476 libris
668 1409 772 1473 deberi
787 1420 900 1475 eertum
916 1419 972 1476 est.
1014 1408 1341 1493 ltaqueleidens.11.=
1469 1415 1470 1490 i

254 1505 286 1562 et
305 1496 520 1562 Vossinuorum
547 1493 672 1559 duorum
693 1497 820 1580 vestigia
842 1505 977 1574 secutus,
1007 1498 1059 1579 qui
1081 1499 1222 1561 mirstn
1243 1496 1332 1560 exli·
1469 1495 1470 1550 ἕ

254 1583 340 1660 dent,
367 1587 433 1646 dnm
454 1581 565 1647 haedo
587 1583 744 1665 rescripsi,
772 1583 854 1664 quod
880 1583 988 1646 lemma
1011 1581 1135 1647 iudiost
1183 1581 1231 1647 Ad
1258 1600 1332 1645 aeu—
1469 1579 1470 1656 i

253 1670 377 1734 mudum
390 1669 467 1732 emim
482 1670 533 1733 rix
550 1669 608 1732 loo
620 1669 743 1734 verbum
764 1667 856 1734 distat
875 1669 975 1732 alteri.
1018 1669 1113 1748 Quam
1130 1685 1227 1753 prope
1249 1669 1330 1732 euim
1469 1667 1470 1736 i

254 1755 470 1820 admiratio
496 1756 535 1818 nl
557 1755 783 1818 imitatione
804 1755 901 1832 absit,
929 1753 1131 1834 Quintilianus
1153 1753 1257 1831 docet,
1276 1755 1331 1818 oui

233 1841 446 1908 .sdmirsri
466 1840 545 1906 idem
567 1851 622 1916 est,
653 1838 734 1923 quood
763 1857 842 1904 oum
865 1839 1132 1907 admiratione
1153 1841 1330 1925 probaro

254 1917 328 1992 lust
346 1925 387 2004 X,
404 1931 433 2004 1,
454 1931 506 1994 ll.
529 1926 568 1991 da
589 1927 756 1991 imitatione
776 1926 910 1992 Seueoas
933 1943 999 1992 oum
1017 1927 1106 1991 modo
1127 1926 1327 1992 instituendae

254 2011 356 2080 Multa
384 2013 476 2090 enim,
506 2023 539 2079 nt
567 2009 645 2089 dixi,
673 2011 876 2095 prolsuds
898 2015 930 2076 in
957 2030 1006 2092 so,
1033 2011 1126 2076 niulta
1146 2014 1233 2076 etiam
1255 2011 1328 2077 sd-

254 2098 429 2163 miranda
456 2108 539 2163 sunt:
563 2099 684 2180 aligera
711 2096 801 2163 modo
828 2118 919 2163 eures
945 2099 994 2164 sit.
1043 2099 1131 2180 Virg-
1152 2101 1225 2163 Aen.
1245 2097 1328 2176 vlit,

255 2188 346 2252 otiu
372 2184 482 2249 Primis
507 2195 538 2250 st
564 2195 595 2251 te
624 2186 784 2250 miretur
804 2186 844 2248 ab
865 2185 968 2261 aunis3
996 2184 1049 2249 nbi
1078 2194 1161 2250 reete
1187 2185 1328 2249 Serviunt

255 2268 457 2350 Miretur,
484 2271 697 2336 imitetur.‘'
746 2271 853 2353 Neque
879 2271 970 2336 multo
997 2271 1089 2337 aliter
1107 2271 1186 2336 Non.
1205 2287 1232 2334 o.
1253 2271 1326 2336 tlt:

255 2355 368 2424 Mirari
387 2373 454 2420 anm
471 2357 679 2442 rolnptsts
700 2355 856 2435 intueri,
876 2356 1032 2436 delectari,
1052 2356 1222 2423 sonandi.
1249 2356 1329 2420 Pss-

255 2443 312 2508 sim
333 2451 432 2506 autem
449 2443 524 2507 loeo
543 2443 636 2508 uerba
656 2461 676 2507 a
696 2442 830 2508 librariis
853 2443 1005 2520 oomiuudi,
1024 2454 1057 2509 ut
1075 2445 1144 2528 ipss
1163 2445 1331 2508 litterarum

254 2525 436 2606 similitudo,
461 2531 506 2593 ita
527 2526 800 2612 exemplddooeut.
849 2529 1158 2610 senonensium,
1182 2534 1231 2595 to.
1269 2547 1330 2612 pro

254 2614 474 2680 imitabilia
493 2614 616 2680 Vossl.
638 2617 729 2680 labet
754 2615 966 2695 mirabilia,
988 2615 1119 2699 etplaua
1138 2614 1178 2680 sd
1198 2625 1330 2678 uostrsm

254 2703 403 2766 rationem
422 2701 488 2766 Lis.
509 2701 603 2777 XXV,
623 2705 676 2779 40,
698 2707 742 2766 2.:
769 2701 884 2765 initium
906 2701 1071 2766 mirandi
1094 2702 1331 2766 Graecarum

256 2787 392 2852 artium
420 2802 564 2871 opera,·
591 2787 612 2850 i.
644 2805 671 2852 e.
698 2804 775 2852 oum
811 2787 1076 2853 admiratione
1108 2787 1332 2870 expetendi,

146 2935 150 2942 .
255 2872 309 2936 uli
330 2871 415 2938 oodd.
436 2873 555 2959 plurimi
582 2873 709 2938 habeut:
735 2873 928 2938 imitandi.
979 2874 1041 2938 Sed
1070 2873 1199 2938 similior
1225 2883 1330 2938 nonno
1373 2882 1379 2894 ‘

119 3033 123 3044 1
255 2957 342 3023 loono
369 2959 421 3024 rix
448 2960 628 3037 inueniatur,
664 2977 753 3042 quam
776 2958 877 3026 Ouidii
905 2967 951 3026 est
978 2959 1104 3023 Heroid.
1132 2961 1171 3038 11,
1194 2964 1244 3025 77.
1277 2959 1331 3024 ubi

254 3043 370 3127 Phyllis
391 3045 608 3129 Demophoonti
626 3045 797 3129 exprobrat,
818 3045 898 3128 quod
912 3045 1058 3128 neglectis
1074 3045 1233 3110 uirtutibus
1247 3045 1331 3110 The·

255 3131 1331 3296 :studiositatilttitlttltli„illudit:

256 3303 327 3367 item
354 3237 455 3385 ιἠιιέ
468 3261 662 3385 lut’e”ptuuimt
681 3303 769 3368 oodd.
793 3305 967 3368 imitaris
995 3265 1169 3386 amonuit,
1194 3313 1335 3383 metrum·
1469 3333 1470 3384 p

256 3388 329 3472 qnid
348 3406 450 3453 rerum
471 3400 559 3465 esset,
590 3389 731 3473 prodidit.
783 3389 823 3453 Et
842 3389 943 3454 hercle
970 3391 1058 3473 pluro
1078 3401 1200 3472 praesto
1228 3391 1331 3454 lutura
1469 3389 1470 3450 i

257 3491 327 3539 esse
358 3475 421 3538 eius
449 3493 518 3537 usus
548 3477 682 3558 exempla
704 3475 839 3553 oouido,
867 3477 926 3539 nisi
949 3477 1083 3539 intanta
1125 3478 1278 3542 'iterarum
1298 3476 1392 3631 ἢ

255 3576 411 3624 mensurae
430 3560 622 3626 similitudine
643 3561 778 3626 librariis
800 3564 864 3626 eins
885 3562 1054 3643 elegantiae
1073 3581 1091 3624 u
1127 3564 1199 3639 uiis,
1224 3563 1349 3644 vulga·

255 3649 320 3714 rios
341 3647 463 3712 aerium
479 3647 632 3713 imitari
654 3658 686 3715 ut
700 3657 887 3733 reponerent,
908 3649 995 3712 mimia
1016 3667 1142 3734 promum
1162 3649 1279 3714 tuisaet
1321 3679 1325 3686 ·
1469 3701 1470 3752 p

1469 3829 1470 3876 t

1469 4151 1470 4194 t

560 3851 768 3944 Elegia
801 3853 1023 3926 xxxm.
1141 3862 1144 3874 ⁴

355 3983 404 4055 Do
425 3983 621 4072 dispositione
639 4011 668 4059 r.
692 3994 728 4073 Q.
752 3992 894 4072 1’.11,o.
915 4010 946 4076 p.
968 3995 1021 4058 86.
1043 3995 1096 4058 87.

357 4091 387 4140 r.
410 4077 513 4159 dsqq.
540 4080 728 4159 Argutsutur
748 4079 779 4142 in
799 4079 847 4142 luis
867 4080 1004 4144 uersibus
1026 4075 1232 4154 sollicitandis,
1261 4075 1331 4140 dnm

257 4159 357 4223 omnia
377 4159 416 4224 sd
436 4165 534 4226 riuum
555 4165 641 4245 quusi
662 4174 806 4240 resecant,
826 4165 1105 4229 decimationum
1147 4163 1211 4228 lloo
1232 4175 1331 4226 nutem

256 4245 334 4309 selle
356 4247 542 4329 Propertium
566 4259 697 4314 ooustut:
725 4251 848 4326 „Dum
868 4249 1059 4334 proiectoea
1080 4248 1223 4324 deotolt,
1251 4268 1331 4331 quoae

123 4329 126 4339 '
259 4341 390 4396 mantes
418 4335 506 4400 toties
534 4333 669 4401 diuidere
693 4345 821 4421 poterat.
875 4337 984 4403 laidem
1013 4354 1085 4406 sero
1114 4337 1174 4402 loo
1202 4338 1332 4400 omnium
