2912 4920
229 315 308 400 296
565 308 827 384 commmttrlua
845 309 882 380 in
901 305 1000 398 Prop.

234 483 318 553 (lare
335 492 434 552 tamen
454 481 668 568 interpretibus
689 480 806 562 meleu,
822 479 1025 550 concurrit
1043 477 1122 546 ileu
1138 495 1206 546 erec
1225 478 1304 564 quoi

237 574 375 652 ,aimnl
392 574 558 660 cunrp’t“,
585 571 701 637 scilicet
728 569 818 654 quotl,
844 568 950 648 ,picoti
972 566 1120 650 quadriga
1141 565 1242 644 currit,
1261 567 1303 630 ita

237 668 380 741 aeqomnr
409 657 490 720 illam
517 658 674 722 rictoria“
714 659 754 722 At
781 655 909 739 palma
927 655 959 717 in
984 662 1082 717 meta
1102 652 1213 716 demum
1235 671 1304 734 pro-

237 745 348 828 posita.
391 743 440 807 Tu
460 761 532 810 nero
555 759 792 808 concurrere
813 740 852 804 atl
874 741 1097 823 proportionem
1119 739 1203 802 rerhi
1223 754 1304 802 oon·

238 831 392 911 tingere
416 829 574 894 tornatum
594 839 768 910 cerepum,
795 836 828 891 ut
846 828 932 890 simul
952 825 1106 900 celeritas,
1130 843 1191 906 qua
1210 833 1304 888 certa·

238 918 317 981 urina
338 915 539 980 onruliriotor
559 915 792 997 palmapotitnn,
814 911 1168 992 eiicaoineeignilioetur.
1197 911 1304 974 Poetae

239 1005 317 1066 enim
338 1002 527 1083 neepieeime,
552 1003 718 1083 epeoiam
739 1009 849 1064 tautum
871 1000 954 1073 tuiti,
983 1016 1061 1080 quae
1082 1014 1149 1058 ease
1170 995 1304 1058 riulan·

239 1097 317 1166 tur,
344 1097 492 1168 tanquam
518 1103 626 1152 reuera
650 1087 709 1162 aiut
729 1085 852 1166 iugum,
879 1093 909 1148 et
930 1084 997 1146 lum
1018 1082 1192 1145 illudentem
1214 1083 1304 1160 aeusi-

238 1174 293 1238 oar
315 1183 448 1238 naturam
479 1174 646 1248 imitantur,
670 1172 724 1236 eno
752 1170 856 1234 oculoo
883 1167 1099 1253 quodammodo
1127 1166 1305 1234 audientium

238 1267 360 1324 namata
378 1259 544 1322 subiiciunt
586 1257 663 1322 llinc
682 1257 758 1321 illud
780 1256 831 1333 lv,
852 1257 883 1332 a,
905 1257 974 1320 15..

339 1375 387 1428 Eut
402 1373 498 1428 Nauali
510 1375 650 1442 septena
666 1374 816 1428 ettam
833 1372 869 1427 ud
886 1375 968 1428 Rure
992 1380 1127 1442 porteto.

239 1473 327 1548 opti.
350 1479 426 1542 Met.
447 1475 527 1556 v111,
551 1481 641 1544 itit:
669 1475 758 1543 Unda
785 1487 887 1560 aonat3
915 1473 1026 1540 meeum
1054 1475 1142 1541 eimul
1164 1479 1219 1543 ahi
1243 1495 1305 1542 men

240 1571 322 1627 terra
344 1561 505 1627 recedit.
533 1562 581 1627 (ll.
597 1562 671 1628 itii.
691 1563 745 1641 XI,
759 1565 832 1630 toa.
855 1565 941 1644 Virg.
955 1568 1029 1627 Aen.
1043 1564 1096 1640 ΙΙΙ,
1111 1567 1163 1629 72.
1205 1564 1305 1646 ltaque

115 1657 118 1662 '
240 1665 319 1734 quae
347 1649 469 1713 tirma
496 1657 602 1716 etant
641 1667 708 1714 cnm
740 1651 923 1716 vehementia
949 1651 1207 1716 continni'motna
1239 1653 1303 1732 ipsa
1418 1669 1419 1720 l

239 1734 393 1799 ntlmoreri
419 1735 468 1800 rel
493 1739 640 1801 removeri
666 1737 832 1801 hominibus
852 1737 1022 1812 rideantur,
1053 1748 1145 1818 prout
1173 1737 1232 1818 ipsi
1260 1735 1305 1800 rel

241 1829 402 1886 occurrunt
421 1821 471 1885 rel
489 1821 640 1900 recedunt,
660 1825 785 1905 palma
805 1841 922 1906 quoque
938 1823 1063 1903 aurigae
1081 1825 1182 1886 aerina
1205 1822 1305 1886 nitenti
1418 1847 1419 1900 j

241 1907 427 1972 aduolare
449 1916 600 1973 ametaet
620 1911 768 1972 obviam
789 1926 1026 1972 concurrere
1049 1911 1175 1992 egregie
1189 1917 1218 1972 et
1230 1927 1306 1993 ypo-

240 1993 349 2082 φικῶς
370 2003 399 2057 et
419 1993 457 2058 etl
475 1995 629 2058 ueritatem
651 1995 870 2060 accommodate
891 1995 1020 2073 tingitur.
1418 2037 1419 2088 p

342 2097 368 2142 n.
393 2081 442 2145 18.
463 2079 571 2142 lterum
594 2081 641 2143 lnio
666 2083 844 2170 interpretes
865 2080 1023 2164 Propertio
1053 2079 1211 2143 deliciolae
1239 2093 1305 2141 snae
1418 2149 1419 2152 Ἴ

240 2163 398 2246 enallagen
427 2163 601 2229 obtrudunt:
627 2165 762 2246 gloria
793 2168 869 2228 enlm
889 2177 979 2230 nata
999 2168 1036 2228 in
1055 2164 1148 2250 pelea
1166 2181 1222 2248 pro
1243 2182 1306 2251 pcf
1418 2211 1419 2226 .

241 2249 412 2316 (leonati
435 2253 466 2314 in
488 2251 617 2331 gloriam
638 2251 747 2315 dietum
768 2269 834 2314 ease
855 2251 1041 2333 praedicant.
1083 2251 1208 2314 Scilicet
1228 2267 1306 2314 nsum
1418 2297 1419 2312 .

239 2337 472 2422 praepositionis
493 2337 531 2399 in
551 2338 914 2420 manimel’ropertiannm
934 2339 1156 2418 ignoraverunt,
1179 2337 1228 2418 qui
1241 2337 1307 2398 sin·
1418 2357 1419 2410 l

262 2422 313 2482 lici
330 2411 429 2486 (latito
450 2423 601 2503 proxlmue
624 2423 735 2486 iiuem
759 2433 789 2488 et
810 2433 980 2487 euentum
1003 2423 1220 2502 significaturi.
1262 2419 1304 2484 tit
1418 2423 1419 2426 ’

239 2439 277 2586 ὃ.
299 2506 334 2570 Ρ.
351 2509 391 2586 ΙΙ,
411 2513 442 2572 6.
467 2527 496 2590 p.
514 2511 633 2590 liteq.
684 2511 748 2574 lloc
775 2511 867 2589 igitur
891 2509 1063 2592 Propertius
1093 2511 1152 2574 ait:
1182 2507 1305 2588 gloriam
1418 2503 1419 2572 ζ

240 2591 360 2677 quidem
381 2594 517 2657 omnibus
539 2594 617 2670 illis,
645 2597 697 2676 qni
718 2615 783 2659 eam
806 2595 1004 2678 qualicunque
1030 2595 1116 2657 modo
1147 2609 1306 2675 assequnn-
1418 2641 1419 2666 ,

240 2689 306 2754 tur,
333 2688 430 2743 natam
461 2697 544 2753 eneae
572 2681 702 2743 indolem
727 2689 838 2746 mutam
864 2681 1003 2756 differre,
1031 2699 1091 2761 qna
1112 2689 1305 2762 comparetur.

240 2763 345 2846 ltaque
366 2775 417 2830 ant
434 2767 592 2846 ingenio
615 2775 666 2830 aut
688 2768 858 2830 manibus
882 2776 933 2830 ant
954 2765 1031 2828 adeo
1053 2765 1221 2846 peditus
1245 2781 1305 2826 enm
1418 2773 1419 2840 ζ

238 2851 332 2914 tribui
356 2863 385 2916 et
406 2853 452 2915 lrie
474 2852 609 2934 partibus
630 2849 708 2932 (eine
730 2854 766 2915 in
787 2853 842 2916 hae
854 2856 982 2936 partes),
1001 2861 1091 2936 prout
1111 2855 1237 2936 quisque
1258 2865 1306 2913 cu·
1418 2877 1419 2934 3

239 2936 339 3014 collat,
360 2948 458 3002 natam
480 2937 586 3001 videri.

342 3041 369 3086 r.
399 3029 450 3089 20.
486 3025 680 3106 requitur.
720 3021 854 3087 Broulln.
890 3023 1065 3086 scilicetne
1093 3021 1172 3086 ullus
1207 3035 1305 3084 uerene

239 3105 558 3190 lutaotue'maueret,
578 3111 771 3191 coquimur
800 3112 939 3172 cornetit.
995 3109 1057 3173 Nos
1091 3109 1304 3191 simplicitatem
1418 3135 1419 3140 Ι

145 3265 149 3273 1
239 3195 385 3276 amplexi,
413 3195 443 3258 iol
474 3193 553 3276 qnod
584 3213 685 3258 omnes
709 3193 796 3258 codd.
819 3205 951 3270 tuentur,
975 3197 1101 3278 probum
1124 3205 1154 3258 et
1173 3193 1305 3257 Latinum
1418 3241 1419 3244 ,

239 3279 418 3361 seqnitur
431 3293 502 3344 'otum
521 3280 644 3346 Laolm.
665 3283 845 3363 scripsimus.

341 3384 369 3429 u.
384 3373 435 3429 21.
454 3367 558 3430 uitae
579 3385 746 3449 praecep
757 3377 794 3430 te
809 3367 896 3430 Knin.
910 3363 1219 3448 explicatpraeoepta,
1233 3375 1304 3446 qoao

196 3517 199 3526 p
241 3447 305 3513 iat
323 3457 388 3515 tua
408 3455 496 3527 rita,
519 3453 726 3534 exemplum
748 3462 860 3515 tunm:
883 3453 969 3516 immo
989 3462 1151 3532 praecepte
1174 3443 1304 3524 enutatl

240 3541 372 3616 quaetu
392 3540 480 3601 uitam
503 3546 580 3601 tuam
601 3537 725 3618 derigis.
749 3537 913 3603 virenti
934 3548 1149 3620 praecepta
1169 3537 1233 3599 Cio.
1254 3549 1305 3612 ap·

239 3620 334 3702 pellat
352 3641 408 3704 pro
428 3625 528 3687 Flaoo.
549 3629 601 3686 tu.
623 3643 648 3686 a.
668 3621 689 3685 i.
734 3623 817 3686 Alius
839 3634 936 3687 tamen
960 3620 1068 3688 dixerit
1096 3632 1183 3686 tuae
1203 3621 1305 3686 ritae

238 3719 410 3794 praecepta.
454 3709 514 3772 Sed
535 3711 574 3772 ci.
597 3708 633 3772 ad
654 3708 701 3772 ΕΙ.
719 3709 770 3784 ΙΙΙ,
793 3715 844 3784 21,
866 3711 918 3772 28.

340 3812 368 3857 r.
392 3800 444 3860 22.
467 3793 605 3875 Cogor.
628 3795 730 3859 lleins.
753 3804 782 3858 et
799 3797 930 3858 llrouil.
951 3793 1090 3858 Gonor.
1124 3791 1184 3856 Sel
1198 3789 1303 3854 reatino

203 3931 205 3940 ,
240 3875 381 3942 alterum:
405 3881 479 3943 llam
493 3897 556 3942 enm
577 3891 712 3962 uterque,
733 3891 762 3944 et
775 3883 937 3944 Maecenas
952 3889 981 3942 et
996 3881 1180 3962 Propertius,
1196 3876 1305 3958 pariter

239 3963 377 4026 humilem
400 3967 598 4030 conditionem
612 3974 771 4048 expeteret,
793 3969 999 4030 Maecenatem
1021 3965 1051 4027 in
1074 3975 1154 4028 tanto
1174 3963 1305 4025 torturae

239 4049 362 4128 lastigie
382 4051 511 4134 positum
530 4051 573 4114 ita
595 4054 711 4132 penitae
738 4051 833 4115 latere
855 4069 912 4114 uon
933 4051 1075 4133 potnieee,
1103 4049 1155 4113 eall
1177 4062 1305 4111 necea-

239 4137 344 4200 aario
372 4135 640 4202 atam'mooleetae
660 4135 759 4201 lanulin
785 4138 901 4200 aemulo
930 4146 1099 4219 cooperatum
1123 4151 1205 4209 ease,
1231 4129 1304 4194 ratio
1357 4155 1364 4176 ·

239 4231 344 4306 apertu
366 4225 458 4305 cogit
477 4255 519 4270 -
562 4221 720 4288 simillimo
738 4221 826 4286 molo
839 4232 941 4286 morter
961 4225 1055 4288 rerleo
1076 4238 1199 4304 cogor
1218 4219 1306 4284 utitut
