2912 4920
546 341 665 459 idieg.
684 341 748 432 m,
769 347 824 416 ib.
887 440 898 459 ρ
1107 423 1115 444 ⁸
1146 343 1228 428 333

253 531 284 580 r.
306 517 339 580 c.
366 513 421 582 lio
447 510 626 597 b'poinua
649 515 711 596 rid.
731 518 770 598 3.
790 515 827 583 Ρ.
844 515 868 594 i,
887 521 918 584 d.
937 533 970 600 p.
991 517 1054 594 32,
1083 513 1124 582 da
1151 525 1226 583 ten·
1329 586 1338 598 ,

147 599 234 683 poris
253 603 420 668 rubonibus
446 621 571 686 puerum
600 604 650 668 bio
668 605 809 690 Propert
831 603 984 684 meminit,¹
1005 604 1065 670 rid.
1086 596 1180 684 951³.
1200 605 1226 686 1,

150 690 181 752 3·
201 705 236 771 P·
250 691 354 840 gili.
375 769 502 836 Fructus
518 783 673 857 quaerunt,
694 777 778 840 ouius
799 775 846 842 rei
865 783 970 840 testem
991 774 1112 842 liiroom
1132 777 1225 861 Prop.

150 855 255 922 iociai.
307 857 392 924 Unde
411 860 536 944 volpino
564 871 595 926 et
613 861 798 926 Burmannus
819 883 847 927 ι.
869 866 924 927 41.
945 867 975 924 ot
993 867 1047 926 42.
1068 865 1126 927 huc
1146 865 1226 927 intu—
1303 854 1312 871 '

151 942 266 1010 ierunt.
313 947 352 1010 nt
372 946 429 1009 boc
451 949 506 1010 cst
519 948 617 1013 alieno
639 967 711 1013 aere
732 965 884 1014 uersurum
904 948 1016 1012 tacere.
1059 949 1226 1013 Probare·

151 1030 240 1104 enim,
258 1029 317 1094 nisi
337 1031 381 1095 sic
399 1033 491 1097 multo
510 1037 598 1099 etium
618 1035 713 1118 mm
736 1037 876 1100 carminis
897 1035 993 1098 exitus
1014 1034 1121 1101 bisnei.
1162 1037 1226 1101 Mi·

150 1135 208 1180 nus
228 1133 301 1183 uero
327 1119 415 1181 etiam
437 1128 520 1184 recte
540 1122 678 1186 Lachete
709 1123 843 1186 Testis
873 1130 960 1187 erat
988 1122 1066 1185 coni.
1088 1139 1129 1186 sc.
1150 1123 1226 1188 Au-

151 1202 297 1286 tiopsu
317 1205 400 1284 Lyco
422 1208 667 1271 accubuisse.
709 1209 854 1272 lilarero
876 1209 939 1270 eins
960 1209 1006 1270 rei
1028 1225 1086 1270 non
1107 1211 1226 1275 testis

150 1288 305 1372 pratpod
325 1293 512 1369 accusatum
537 1295 583 1356 sin
605 1292 757 1360 uidisse
787 1311 852 1357 eam
873 1291 950 1362 iimo
974 1293 1090 1357 facinus
1110 1294 1227 1374 signib-

151 1391 225 1440 care
244 1375 432 1458 Propertium
453 1381 602 1454 censebat,
623 1397 683 1442 non
705 1382 789 1445 testis
812 1389 904 1456 eret,
924 1379 978 1444 sed
999 1379 1015 1441 i
1020 1391 1131 1444 neret
1150 1383 1227 1444 scri-

151 1460 280 1526 bonduro
299 1464 393 1527 inisse
415 1465 471 1540 ilii,
492 1465 697 1549 praeterridit.
748 1465 836 1546 Quod
861 1483 933 1530 uero
957 1465 1226 1548 ipsesdEi.111,
1303 1484 1315 1556 ζ

152 1551 206 1624 12,
219 1551 272 1613 bl.
289 1549 325 1632 (i
342 1567 369 1614 e.
385 1553 516 1630 l3‚5¹·)
538 1561 568 1617 et
579 1555 611 1628 6,
625 1558 676 1616 21.
698 1554 734 1635 (i.
750 1571 777 1618 e.
791 1557 822 1630 7,
834 1557 901 1630 21.)
923 1558 1084 1635 prouocare
1104 1553 1226 1618 iliiloci

150 1651 277 1718 prorsas
306 1653 365 1700 non
390 1639 541 1719 pertinent
567 1637 607 1700 ad
634 1656 708 1703 ren.
762 1639 837 1705 Nan
866 1638 930 1701 illic
957 1639 1110 1715 iimina,
1147 1657 1225 1720 queo
1255 1640 1285 1695 Γ

152 1721 392 1786 etiamnunc
416 1731 523 1800 sont,
551 1725 738 1788 Brennum
761 1735 791 1790 et
812 1725 967 1800 littore,
996 1741 1075 1806 quae
1103 1723 1226 1792 adhuc

151 1815 315 1884 manent,
350 1811 599 1890 ogone-nonies
627 1827 740 1874 curos
767 1812 912 1876 torturi
940 1810 1085 1874 dicuntur.
1132 1811 1225 1875 luno

152 1891 313 1957 induitione
333 1911 372 1958 ex
394 1897 554 1961 crimine
573 1896 693 1979 pendet
735 1897 782 1962 Do
803 1897 1025 1962 testimonio
1047 1904 1225 1962 autemnon

150 1985 212 2044 oen
234 1981 323 2044 anxie
349 1980 389 2044 sd
410 1982 543 2046 calculos
564 1983 734 2048 reuocando
755 1992 801 2047 est
820 1993 930 2070 poetae
951 1984 1059 2062 oratio,
1087 1992 1121 2046 nt
1147 1984 1226 2048 Pro-

149 2065 250 2147 pertio
273 2067 415 2148 imprimis
437 2069 512 2131 nibil
533 2087 681 2151 occupare
702 2072 800 2132 animo
823 2071 922 2133 liceat.
965 2069 1030 2132 lico
1043 2067 1136 2148 igitur
1152 2071 1224 2132 iiie:

149 2149 310 2242 „Narrsbo
330 2153 488 2220 histem
510 2163 540 2219 et
560 2156 697 2238 proiecto
720 2175 784 2220 eom
805 2173 883 2237 quae
904 2153 942 2218 od
961 2154 1106 2235 Cynthiae
1123 2165 1153 2218 et
1165 2157 1226 2235 Lp-

150 2237 259 2302 cinnae
279 2255 399 2304 consum
426 2242 605 2322 pertineat.“
647 2243 765 2306 Testem
786 2243 914 2306 iuturan
943 2259 1010 2306 esse
1031 2243 1151 2307 iiircarn
1173 2245 1225 2306 ait.

151 2323 221 2393 cut
250 2335 375 2390 autern
402 2330 460 2390 nisi
489 2329 569 2392 oibi
590 2338 696 2390 contro
712 2347 793 2405 eun,
820 2345 945 2412 qucum
964 2327 1176 2392 coniabulatur
1195 2337 1227 2394 et

149 2411 269 2476 rixatum
297 2412 472 2493 Gpntbiami
512 2413 600 2488 Erit
628 2425 724 2478 sotem
747 2415 785 2478 cd
806 2426 941 2479 euentum
963 2423 992 2476 et
1012 2413 1096 2477 finem
1118 2433 1227 2478 nerra·

149 2497 242 2562 tionis
259 2507 382 2578 spectet.
424 2501 519 2565 Recte
540 2499 616 2563 enim
638 2503 693 2563 uit:
713 2501 840 2578 „Dirces
862 2501 1017 2564 historiam
1039 2518 1085 2562 ne
1102 2501 1157 2566 tibi
1178 2510 1225 2563 te-

150 2585 285 2648 stimonii
307 2603 398 2648 causa
424 2605 550 2651 uersare
572 2588 756 2660 consenties,
783 2589 809 2650 si
830 2588 925 2670 probe
945 2587 1015 2649 mibi
1038 2587 1227 2649 auscultare·

150 2669 228 2734 rit.“
248 2703 291 2716 -··
310 2671 448 2735 Ceterum
465 2673 578 2736 frustra
597 2673 629 2734 in
648 2673 832 2755 expediendo
853 2673 1069 2754 iusmpoentium
1087 2688 1226 2736 semitm

151 2773 233 2820 nexu
254 2757 420 2834 laborabit,
447 2761 498 2839 qui
514 2759 730 2824 condotom’en
750 2759 865 2822 duabus
885 2759 996 2822 tabuiis
1024 2761 1225 2822 narrationem

151 2852 284 2908 secutum
315 2861 381 2908 esse
414 2845 604 2927 Propertium
636 2863 695 2908 non
730 2844 915 2919 consideret,
947 2861 1035 2924 quen
1068 2853 1223 2925 utrumque

150 2929 261 3009 Hygin.
284 2930 378 2996 refert
397 2930 524 3010 Mptboi.
547 2935 577 2996 7.
591 2937 620 2994 et
632 2935 663 2995 8.
684 2929 809 2994 citeron
822 2929 974 3014 Euripidis
995 2931 1033 2993 ab
1054 2929 1150 2993 Ennio
1164 2931 1225 2992 Lo·

150 3016 216 3080 tine
236 3033 362 3080 uersam.
406 3017 520 3096 Quodsi
545 3018 719 3097 singiliatim
741 3019 839 3080 omnia
866 3035 943 3099 quse
970 3016 1009 3078 ad
1034 3015 1109 3078 benc
1127 3017 1225 3083 bisic-

152 3103 230 3166 riam
243 3105 413 3184 pertineant
426 3119 609 3184 cognoscere
621 3107 675 3182 uis,
696 3102 894 3166 doctissimum
907 3103 1139 3166 testimoniorum
1160 3101 1225 3164 iar-

150 3189 287 3268 uaginen
310 3199 424 3265 excute,
450 3209 537 3270 quan
557 3192 587 3252 iu
608 3189 775 3254 Paradonis
796 3190 957 3263 Thebanis,
985 3188 1076 3250 ueluti
1098 3187 1225 3270 pendan

152 3275 319 3356 stupendos
346 3275 501 3340 doctrinae
521 3277 642 3353 horreo,
670 3277 864 3340 amicissimus
884 3276 972 3338 nobis
993 3276 1128 3354 Ungerns
1154 3274 1226 3338 inde

154 3379 177 3424 a
195 3377 226 3442 p.
245 3365 299 3426 82.
328 3366 489 3442 congessit.
546 3365 705 3445 Antiopen
734 3365 809 3426 enirn
835 3361 940 3442 Nyctei
967 3360 1059 3423 ilium
1088 3378 1125 3424 ex
1151 3362 1226 3426 loro
1277 3433 1280 3440 Ι
1324 3404 1330 3413 -

152 3458 369 3530 praegnantem
382 3449 537 3529 Sicyonem
557 3448 595 3512 ad
610 3449 764 3532 Epopeuun
776 3467 878 3528 regem
898 3447 1013 3526 fugisse
1028 3446 1123 3525 fingit.
1167 3447 1225 3511 Coi

152 3543 301 3616 umquam
324 3534 404 3598 iliae
417 3537 587 3616 corruptori
607 3535 688 3598 bello
709 3536 806 3612 illato,
826 3533 966 3616 Nycteom
988 3551 1053 3596 curn
1072 3534 1103 3594 in
1122 3549 1227 3612 pugna

153 3621 222 3703 ipse
249 3620 423 3698 cecidisset,
465 3624 548 3702 Lyco
575 3622 664 3684 iretri
691 3631 723 3684 nt
749 3641 782 3684 so
813 3621 1022 3694 ulcisceretur,
1051 3618 1225 3684 mendasse:

151 3707 232 3770 bunc
259 3707 388 3787 Sicyone
415 3717 584 3790 expugnata
610 3707 769 3789 Antiopen
796 3710 941 3789 captiua·
966 3723 1064 3768 secum
1095 3705 1226 3768 duxisse.

152 3791 240 3858 lllsm
262 3810 333 3858 uero
352 3794 384 3856 in
409 3795 516 3858 itinere
543 3795 624 3857 circs
644 3795 736 3876 Asopi
763 3795 861 3857 ionico
881 3793 925 3873 (ι.
948 3793 1014 3871 27.)
1032 3791 1225 3874 Amphionem

153 3887 186 3945 et
204 3879 327 3944 Zethum
350 3881 392 3953 (o.
408 3881 475 3959 29.)
497 3883 614 3962 gemino
638 3891 725 3963 parto
759 3879 854 3942 editos
875 3879 938 3942 seni
960 3877 1075 3960 pastori
1096 3877 1227 3940 educan-

153 3965 212 4029 dos
227 3965 388 4028 tradidisse
412 3969 454 4044 (r.
468 3969 520 4030 36.
535 3970 619 4042 37.);
647 3967 759 4046 Lycum
779 3965 899 4041 interim
920 3981 1020 4027 amore
1042 3981 1148 4027 serrae
1172 3981 1225 4026 ca·

150 4060 235 4137 ptum
252 4051 392 4115 inuidiam
412 4051 522 4115 Dircae
539 4055 640 4116 uxoris
655 4054 791 4134 monisse,
813 4071 890 4132 quise
911 4051 1064 4115 tormentis
1084 4051 1225 4112 emerissi·

69 4131 77 4142 '
153 4140 211 4202 mio
229 4138 366 4221 pellicem
387 4137 431 4200 iia
451 4141 575 4215 nexant,
596 4148 628 4202 ut
646 4138 763 4203 tondent
784 4138 878 4218 ruptis
899 4138 1026 4204 uinculis
1047 4135 1104 4200 ilia
1124 4137 1153 4197 in
1174 4135 1225 4199 Gi·
1308 4135 1323 4157 '

151 4225 328 4290 thaeroneus
349 4224 509 4302 aufugeret
524 4226 760 4306 (ι.-·23-28.).
808 4223 874 4287 Non
902 4226 1032 4306 agnitam
1052 4231 1150 4284 tomen
1170 4216 1225 4284 iiiii

152 4319 278 4376 notrcnn
293 4330 315 4409 ι
330 4311 459 4396 pergola
478 4311 642 4397 supplicem
663 4311 838 4394 abegerunt,
866 4310 963 4378 donec
982 4325 1075 4374 sene
1094 4307 1154 4371 isto
1175 4307 1224 4370 iu-
