2910 4930
555 313 656 408 ⁸¹03·
668 313 714 400 11,
728 319 760 386 ⁹·
980 327 983 336 ’
1134 321 1218 405 tlt)

234 511 261 556 ι.
281 493 334 556 tl.
354 488 389 554 lu
406 497 531 558 montem
548 493 630 557 uouit
650 488 822 575 dolepiudis
850 507 897 574 ep.
921 493 994 556 lol.
1014 489 1051 558 V.
1072 509 1104 575 [ι.
1128 495 1204 558 111.

129 576 216 642 dull.
243 577 309 640 Pol.
336 577 373 640 Τ.
396 578 421 678 Ι.
446 595 476 660 p.
500 582 572 643 130.
601 579 719 646 lsoolts.
745 571 829 654 Νύξ,
856 571 895 642 σε’
923 573 988 663 γὰρ
1009 565 1070 641 οὐκ
1098 563 1202 663 ἄλλην
1282 575 1284 580 ’

129 657 341 748 μαρτύρομαι
361 647 419 726 οἷα
437 653 472 744 μ’
493 653 629 751 ὑβρίζει.

229 769 260 814 ι.
279 753 332 814 45.
353 759 489 814 nostro
517 760 634 832 ponet
661 747 832 828 uestigio
859 745 976 812 looto.
1019 748 1055 812 lu
1074 749 1201 832 turpitu-
1283 766 1285 772 ·

129 829 225 896 dinen
248 835 407 916 explicent,
429 836 516 918 quusi
527 845 618 918 poeto
640 835 678 900 de
698 835 832 914 uestigiis
852 851 870 897 e
889 835 1049 899 nertsmino
1069 852 1199 900 :meren

128 917 242 982 nodutis
263 921 413 1003 loquutur.
456 921 517 986 Sed
540 923 714 1002 uestigia
736 921 829 1002 pedes
851 920 1041 1009 significem,
1070 923 1201 1002 uestigio
1265 957 1268 964 ι

128 1019 273 1085 ponere
293 1025 366 1072 uero
386 1006 462 1071 nihil
478 1025 544 1072 esse
566 1009 624 1072 nisi
643 1006 801 1088 ingredi
823 1006 872 1070 uel
893 1006 1006 1088 edire
1028 1016 1059 1071 et
1078 1007 1128 1071 hio
1148 1025 1200 1072 uo·

128 1093 184 1152 teri
206 1092 387 1176 interpretes
414 1094 501 1158 obliti
524 1104 602 1171 suut,
629 1105 660 1158 et
678 1094 861 1156 Burmannus
883 1090 921 1156 sd
939 1091 987 1156 El.
1009 1090 1049 1167 11,
1072 1096 1123 1172 16,
1143 1098 1196 1158 27.

128 1175 402 1258 impresserunt,
429 1189 463 1244 ut
483 1181 585 1264 paullo
617 1181 707 1244 altius
729 1181 793 1244 eius
811 1178 957 1242 formulae
980 1177 1126 1260 originem
1146 1197 1197 1243 re·
1322 1240 1326 1246 .

127 1270 228 1343 petere
260 1265 341 1328 lneud
359 1263 499 1330 uideatur
519 1284 740 1350 superuacuum.
790 1263 978 1344 Vestigis
1006 1265 1083 1327 euim
1116 1265 1198 1348 quod

128 1365 181 1429 pro
203 1350 374 1431 pedibus
399 1351 471 1434 poni
491 1353 634 1417 diximus:
662 1355 737 1418 loeo
759 1350 937 1432 siguiiostio
959 1350 1119 1416 familiaris
1140 1351 1196 1414 im-

127 1433 228 1514 primis
250 1437 397 1519 Virgilio;
416 1439 492 1502 Aen.
514 1438 551 1516 V,
564 1443 652 1505 odd:
680 1439 854 1518 uestigia
875 1437 962 1520 primi
982 1437 1081 1502 ulus
1097 1435 1195 1521 pedis.

126 1519 189 1598 ΙΙΙ,
211 1525 301 1588 6895
324 1524 499 1604 uestigia
518 1524 622 1589 nudo
640 1525 753 1588 sinistri
771 1525 928 1590 instituere
947 1521 1042 1606 pedis.
1054 1520 1124 1588 sdd.
1136 1521 1191 1599 ΙΙΙ,
1302 1533 1306 1544 ·

83 1610 87 1621 “
127 1607 196 1670 573.
221 1610 356 1674 lruitutus
378 1618 424 1673 est
445 1609 501 1674 Sil.
523 1611 591 1676 ltsl.
605 1609 658 1686 111,
677 1612 768 1676 235.:
788 1609 961 1689 uestigia
982 1607 1091 1674 nude.
1133 1607 1196 1673 Sed

37 1775 38 1778 Ἴ
126 1691 183 1754 ism
204 1693 316 1760 Catuli.
337 1695 443 1772 dxlv,
463 1699 554 1761 162.;
579 1695 757 1762 Geudids
779 1695 963 1777 permulcens
985 1693 1108 1778 liquidis
1129 1711 1196 1758 rs·
1239 1763 1241 1768 ,

127 1779 250 1858 erigis
271 1781 381 1863 lympli
404 1781 475 1845 noll.
494 1783 600 1860 val,
618 1787 670 1848 69.
698 1782 751 1846 Sin
773 1781 929 1846 Guluneil.
951 1779 1016 1856 vll,
1039 1785 1090 1846 20.
1113 1796 1194 1842 oom-

125 1865 238 1929 ueudnt
269 1867 552 1949 „vestigiorum
580 1868 829 1934 ortionlis‘-
853 1867 1041 1949 amplissimis
1059 1867 1194 1930 nouem.“

124 1945 196 2014 Pliu.
218 1952 259 2018 N.
279 1953 318 2018 Η.
339 1954 405 2033 llll,
430 1959 496 2025 Ι7.ι
527 1975 546 2018 s
571 1955 744 2035 uestigio
768 1953 807 2018 sd
828 1957 978 2018 uerticem.
998 1952 1041 2018 id.
1063 1951 1117 2028 XI,
1139 1953 1193 2016 45.

37 2091 38 2098 ,
125 2050 324 2102 ournosuut
342 2043 555 2122 uestigium.
604 2041 769 2105 Admodum
789 2047 884 2105 eutem
905 2041 1045 2120 frequens
1066 2039 1116 2102 lrio
1139 2054 1194 2102 uo-

125 2121 164 2184 ois
180 2142 253 2188 usus
274 2134 341 2206 post
362 2127 537 2192 mouendi
558 2129 666 2205 verbu,
689 2129 743 2190 ubi
770 2126 918 2207 pseue'in
948 2141 1114 2205 gressus
1137 2139 1194 2186 uo-

123 2205 228 2276 tiouem
251 2211 357 2275 treusit
374 2213 448 2294 (quo
468 2223 497 2278 et
516 2215 584 2294 ipso
603 2213 750 2278 interdu·
771 2211 889 2294 pedus
910 2210 1073 2292 siguiliosri
1092 2219 1193 2274 notum

37 2379 38 2382 Ἴ
125 2296 190 2368 est),
212 2298 319 2379 quslis
333 2298 462 2379 plurimu
481 2309 557 2376 sunt,
578 2318 655 2382 quun
677 2318 715 2362 ex
734 2299 864 2380 Virgilio
880 2297 1031 2363 :ttulimus
1048 2296 1194 2382 exemplu,

37 2443 38 2448 ,
125 2379 225 2460 quibus
249 2382 328 2448 udde
347 2387 422 2449 deu.
442 2385 498 2463 IX,
517 2389 607 2452 los:
635 2395 717 2450 retro
743 2386 914 2466 uestigio
935 2384 1054 2448 Turnus
1074 2382 1192 2464 Impru-

37 2490 39 2548 ι
125 2477 225 2544 persto
258 2469 361 2534 relert.
391 2473 449 2548 ΙΙΙ,
475 2477 565 2540 dds-2
598 2471 777 2550 uestigio
802 2472 931 2535 torsit.
952 2469 1010 2534 sil.
1037 2467 1104 2532 lul.
1126 2467 1192 2545 vn,

38 2585 39 2598 2
125 2555 210 2618 ltin:
230 2557 406 2636 uestigia
427 2561 545 2622 nonnits
563 2576 668 2622 secuse
678 2557 801 2641 plautae
821 2558 909 2622 lert.
929 2555 1004 2618 inid.
1020 2554 1086 2630 XV,
1103 2557 1192 2620 otu:

38 2691 39 2716 ,
126 2653 308 2722 suspense
337 2643 467 2707 leneus
493 2646 686 2725 uestigia,
714 2643 768 2706 ulti
784 2643 844 2707 sid.
864 2642 1015 2707 Drsieuln.
1033 2638 1113 2705 Pliu.
1133 2641 1193 2703 l’u-

127 2741 189 2804 uog.
215 2733 285 2791 22.;
305 2747 529 2811 suspensum
553 2740 582 2794 st
599 2729 740 2794 instruile
760 2731 966 2808 uestigium
987 2743 1111 2808 nupero,
1140 2726 1194 2789 ubi

126 2827 151 2872 u.
172 2812 323 2880 srnusrz.
345 2834 374 2896 p.
397 2819 450 2882 55.
472 2815 560 2881 Ouid.
579 2817 660 2880 Fuso.
682 2816 707 2890 Ι,
726 2819 790 2908 425
806 2834 867 2897 su:
897 2814 1071 2893 uestigio
1091 2813 1193 2876 turum

38 2903 39 2920 ¹
127 2895 274 2981 Suspenso
296 2901 400 2980 digitis
413 2902 473 2966 lert
490 2904 638 2966 teuiturnu
658 2900 763 2980 gradu.
805 2902 898 2982 Pron.
919 2899 966 2964 El.
990 2900 1014 2974 Ι,
1035 2901 1067 2974 5,
1085 2901 1132 2964 tu:
1153 2897 1193 2962 ltu

127 2985 211 3049 miser
231 2989 352 3067 ignotos
379 2989 553 3066 uestigio
579 2988 661 3050 ferre
682 3005 737 3069 ner
758 2987 845 3066 ignes
862 3020 902 3030 -
916 2986 1009 3066 oupis,
1035 2993 1065 3048 et
1083 2985 1120 3060 ΙΙ,
1142 2987 1192 3060 16,
1326 2993 1330 3005 “

129 3073 190 3134 tt:
211 3075 363 3155 egidore
384 3074 572 3152 uestigis,
593 3074 644 3136 urbi
666 3091 694 3136 ι.
717 3088 820 3136 eorum.
864 3070 977 3148 orions
997 3068 1074 3133 louis
1096 3069 1191 3133 unui-

127 3150 177 3217 bus
196 3157 234 3224 de
254 3161 348 3239 signis
369 3161 475 3243 pedum
489 3160 555 3224 solo
578 3159 730 3240 impressis
749 3175 913 3220 sermonem
935 3174 1001 3220 esse
1022 3172 1081 3219 non
1102 3171 1193 3236 posse

127 3252 213 3318 putet
256 3247 362 3328 Neque
391 3247 481 3311 uliter
506 3246 669 3310 trahere
692 3245 822 3325 uestigia
850 3243 974 3306 dicitur:
1004 3242 1061 3306 Sil.
1082 3241 1150 3307 lul.
1170 3238 1194 3319 Ι,

129 3329 197 3392 555.
219 3341 249 3396 et
275 3335 366 3413 Prop.
386 3332 410 3410 Ι,
432 3335 463 3408 3,
483 3335 530 3397 o:
556 3333 676 3397 lllnris
701 3349 766 3394 oum
792 3331 987 3394 trshereut
1015 3327 1106 3392 multo
1127 3343 1190 3390 ue-

129 3417 244 3496 stigis
272 3419 403 3482 Bsoulnu.
454 3418 540 3482 Unde
567 3437 622 3482 neo
644 3419 808 3482 firmare
830 3433 884 3479 neo
906 3425 1042 3480 tenere
1064 3413 1194 3492 uestigio

129 3494 199 3577 (rid.
212 3505 369 3569 Glsudisu.
387 3506 486 3586 Rsptu
498 3506 639 3586 Proserp.
654 3505 679 3580 Ι,
696 3509 762 3569 tlt:
784 3501 855 3579 „llo
866 3503 925 3564 ris
944 3500 1104 3566 Musonius
1122 3499 1193 3560 fir-

129 3599 196 3653 mut
215 3593 348 3671 uestigia
367 3593 505 3671 thyrsus“
526 3591 596 3655 noll.
617 3591 703 3672 Virg.
725 3591 801 3653 Aen.
823 3588 876 3662 ΙΙΙ,
897 3591 972 3652 doll-
996 3596 1026 3651 et
1044 3587 1081 3662 V,
1102 3589 1194 3650 sols

130 3678 312 3757 ,uestigia
333 3695 438 3758 pressu
459 3676 538 3740 lsud
559 3679 687 3742 tenuit
708 3676 922 3749 tituhuts“)
946 3673 983 3737 ds
1004 3673 1107 3736 notis
1129 3689 1195 3735 re·

129 3755 235 3825 listis
263 3765 395 3844 intelligi
422 3781 512 3847 posse
539 3771 674 3845 apparet.
723 3761 822 3828 Multo
846 3777 918 3824 uero
945 3761 1040 3824 miuus
1061 3756 1197 3823 lurensi:
1336 3833 1340 3844 ,

130 3841 203 3922 xlv,
232 3855 303 3914 272.
331 3851 383 3932 qui
405 3848 443 3913 de
463 3848 653 3913 funambulo:
684 3848 828 3930 ‚,suoipiti
857 3848 1037 3927 uestigio
1063 3845 1197 3924 ligere

131 3929 244 4010 ulrum‘
263 3937 344 4002 dicit
387 3937 463 4002 lliuo
484 3937 556 4000 sutis
581 3945 665 3999 osrto
686 3935 792 3998 ronnei
811 3934 964 4009 existimo,
992 3949 1030 3995 ne
1050 3932 1108 3994 loun
1128 3931 1196 4012 qui-

132 4013 192 4082 dum
211 4021 351 4096 formula,
371 4023 525 4087 tritissima
543 4023 604 4087 ,ism
626 4022 743 4102 optimis
766 4021 951 4084 unctoribus:
972 4034 1115 4100 ponere
1138 4033 1197 4080 ue-

133 4105 250 4186 stigiu
269 4109 352 4172 sliud
372 4109 443 4192 quid
463 4109 588 4192 proprie
605 4107 769 4188 siguiliosri
791 4123 877 4188 quem
900 4121 1049 4187 ponere
1069 4100 1199 4184 pedes,
1325 4169 1329 4176 ,

133 4189 177 4251 sel
201 4193 371 4276 ingredi.
417 4194 505 4274 Quod
526 4195 658 4276 quamuis
678 4194 764 4257 lotos
785 4191 893 4256 adesse
914 4210 972 4254 nou
994 4207 1119 4269 negem,
1146 4190 1198 4252 ubi

133 4283 302 4346 touuuriem
316 4281 462 4350 rationem
474 4281 559 4364 sequi
577 4281 669 4347 lineat
690 4279 901 4362 (uelutllorut.
922 4278 980 4362 Ep.
1002 4277 1027 4357 l,
1052 4280 1102 4353 19,
1124 4279 1203 4360 21),
