2812 4918
501 349 505 363 “
548 363 648 468 stag.
663 375 735 464 1v‚·
745 382 777 448 ι.
943 310 947 327 ῃ
1116 375 1196 464 8⁰5

5 585 6 590 ι
125 549 225 615 locum
251 548 273 614 i.
292 565 321 615 e.
350 567 432 614 aram
457 549 569 618 Vestae
598 551 766 617 destillaret
794 551 849 630 (ct.
870 553 948 618 llest.
968 571 993 617 s.
1015 571 1044 620 ι.
1067 553 1199 620 October

4 683 6 698 2
127 653 222 718 epuns
250 653 282 717 p·
306 638 377 705 188.
404 637 537 703 Lindem.
564 637 715 703 Plutarcb.
736 639 773 717 Q.
793 641 830 704 lt.
849 644 903 706 97.
941 638 1027 704 0rid.
1045 640 1125 703 licat.
1146 639 1197 717 IV,

128 725 202 788 7911.
232 721 279 786 oe
306 721 364 786 diis
384 723 498 788 llomm.
525 725 631 808 patriis
659 744 689 806 p.
709 729 786 800 79),
810 727 1018 808 perantiquum
1038 725 1131 788 tuisse
1152 725 1199 790 rei

126 809 222 892 ipsius
250 809 328 872 ratio
357 809 454 875 docet.
503 811 581 874 Tum
602 812 632 872 in
659 811 858 877 Palilibus
886 829 941 894 per
966 813 1023 874 boc
1044 821 1126 886 certe
1147 829 1197 876 ιι-

127 911 210 958 crum
236 894 434 976 protusom
462 913 529 959 esse
557 898 730 976 sangninem
750 915 835 960 nemo
861 917 951 965 mnus
972 897 1062 961 dicat.
1104 897 1196 962 Immo

127 989 262 1045 comatos
281 997 337 1062 per
360 999 415 1044 sex
442 999 557 1045 menses
576 1000 694 1045 cruor
718 992 748 1046 et
767 985 853 1064 igne,
881 995 914 1048 ut
934 983 1060 1059 ridetur,
1082 982 1197 1046 dura·

126 1074 196 1143 tus,
217 1065 435 1130 nutriminis
457 1077 568 1132 tantum
589 1069 657 1132 loco
681 1068 824 1133 Palilibus
850 1080 923 1133 erat.
966 1070 1079 1148 Quibus
1102 1070 1198 1132 omui·

126 1153 181 1216 bns
203 1155 382 1232 argumentis
404 1155 689 1236 oppositionem
712 1156 824 1236 antiqui
848 1163 877 1218 ιι
897 1156 1063 1238 praesentis
1084 1163 1198 1236 tempo·

125 1239 169 1302 ris
190 1237 269 1301 intra
289 1240 375 1302 nnius
399 1240 483 1304 luins
506 1239 624 1304 disticli
644 1241 783 1304 subtuna
800 1243 913 1304 trustra
931 1242 1039 1322 quaeri
1059 1249 1196 1324 apparet.

125 1324 217 1388 Immo
240 1327 371 1388 externis
393 1326 589 1406 religionibus
610 1328 704 1406 ιιιςίι
726 1329 756 1390 in
779 1326 843 1390 dies
861 1327 1053 1407 gliscentibus
1074 1331 1114 1402 (r.
1128 1327 1196 1406 17.)

125 1409 202 1474 baec
222 1410 398 1474 Paliliorum
421 1411 582 1496 descriptio
602 1413 771 1496 opponitur,
801 1413 880 1494 quod
902 1430 1016 1476 sacrorn
1040 1414 1196 1476 etiamnum

2 1529 11 1570 ,ι
125 1497 165 1558 ab
188 1497 333 1576 agricolis
354 1508 509 1574 serratum,
530 1499 621 1562 relnti
642 1499 794 1562 meliorum
815 1509 975 1582 temporum
995 1499 1142 1562 residuum
1165 1501 1197 1562 in

126 1583 334 1665 exemplum
356 1585 501 1664 pristinae
514 1585 711 1668 simplicitatis
728 1585 889 1666 protertur.
933 1585 998 1648 lloc
1013 1585 1107 1665 igilur
1120 1585 1197 1648 Pro·

124 1669 256 1751 pertica:
274 1669 342 1733 lion
362 1669 415 1732 illo
430 1678 562 1752 tempore
583 1680 722 1735 externos
744 1668 817 1734 deos
840 1672 1031 1753 quaerebant,
1052 1671 1105 1735 sed
1118 1673 1198 1735 testa

123 1753 201 1816 talia
220 1753 422 1834 celebrabant,
444 1757 545 1840 qualia
568 1774 645 1819 nnnc
666 1775 764 1818 annua
782 1756 891 1821 Palilia
911 1759 1018 1838 quibus
1040 1759 1110 1839 equi
1131 1757 1196 1819 snt-

1 1878 12 1920 ,
123 1838 222 1903 turine
252 1850 282 1904 ct
308 1841 399 1905 toeuo
428 1859 553 1906 accenso
581 1841 678 1928 lustrp
705 1841 881 1906 conduntur.
931 1842 1042 1906 Eadem
1070 1859 1195 1924 prorsus

0 1989 1 2002 ,
123 1927 203 1988 ratio
225 1935 270 1990 est
289 1943 317 1990 r.
341 1929 403 2010 25,
433 1929 485 1991 ubi
505 1928 752 2010 lupercaliorum
774 1931 848 1992 ritus
869 1943 927 1990 non
950 1936 1197 2010 opponuntur

123 2011 251 2090 „setosis
268 2020 420 2077 aratorum
441 2015 647 2092 paroemiam,
668 2012 721 2077 sed
735 2023 882 2095 tamquam
896 2023 1110 2078 monumentum
1131 2015 1196 2096 pri·

10 2147 13 2160 .
124 2099 195 2161 otini
215 2096 310 2161 cultus
330 2091 577 2164 commendentur.
600 2135 643 2150 -·
692 2098 830 2163 Celerum
852 2108 882 2164 et
902 2101 950 2164 bic
973 2109 1003 2164 el
1023 2099 1071 2164 bl.
1092 2100 1142 2176 1t,
1162 2105 1196 2178 d,

4 2222 12 2266 :
124 2185 178 2248 73.
200 2199 259 2246 non
279 2185 344 2247 aine
356 2184 445 2248 libris
464 2185 615 2252 Palilia
634 2185 815 2266 scripsimus,
837 2203 894 2248 nou
915 2185 1082 2251 Parilia.
1113 2187 1197 2252 flacc

2 2324 8 2342 ,
123 2269 201 2332 enim
222 2269 320 2332 torma
334 2273 534 2352 grammaticis
548 2272 651 2336 deberi
669 2272 795 2348 ridetur,
815 2274 866 2354 qni
887 2289 906 2334 a
925 2271 1117 2355 pariendo
1140 2289 1196 2336 no·

5 2379 12 2430 2
123 2371 191 2418 meu
213 2354 392 2420 derivarent.
435 2357 482 2422 Gt.
504 2358 601 2421 Paoll.
623 2357 708 2422 llisc.
730 2377 754 2421 s.
768 2377 796 2422 r.
818 2358 1091 2440 irredemptos.
1113 2361 1196 2423 Μιι.

122 2439 237 2508 Victor.
254 2458 286 2523 p.
302 2446 395 2508 2170.
407 2443 441 2508 P.
461 2445 593 2510 Turneb.
613 2443 704 2507 ddrr.
719 2443 797 2519 XVl,
814 2449 865 2506 22.
910 2445 971 2508 Sed
994 2445 1106 2508 certior
1119 2443 1196 2509 ller-

6 2585 13 2605 ,
122 2527 208 2592 runis
230 2527 338 2607 (1.1..
360 2527 409 2604 Vl,
433 2532 482 2594 11.
504 2548 535 2611 p.
559 2534 609 2594 79.
631 2529 798 2608 Mueller),
820 2529 929 2605 ovidii,
948 2530 1037 2594 Plinii
1064 2531 1196 2594 auctori·

1 2668 4 2678 .
122 2622 181 2689 tas,
202 2623 234 2677 ot
254 2613 281 2675 si
301 2613 420 2694 mando
441 2616 598 2679 Parilia
619 2616 836 2693 pronuntiatum
858 2613 949 2679 inerit
970 2618 1050 2696 (uam
1072 2615 1195 2694 llionps.

1 2756 15 2791 ¹,
121 2694 275 2783 Παρίλια
297 2735 337 2747 ·-
359 2700 511 2764 Plutarch.
532 2695 692 2784 Helvidio
715 2703 780 2778 eit),
803 2700 908 2762 eodem
929 2702 1122 2784 proportione
1143 2701 1196 2765 lit-

121 2791 206 2848 teras
226 2791 350 2848 motetas
379 2785 573 2862 crediderim,
603 2805 662 2868 qus
688 2780 935 2870 ικεφαλαλγία
957 2787 1063 2851 Graect
1092 2804 1196 2869 κεφα-

8 2860 14 2936 ἶ
122 2863 246 2954 λαργία
276 2870 438 2937 elicerent.
503 2871 550 2935 Gt.
580 2871 732 2936 Sobaeter.
759 2870 797 2934 ad
829 2871 954 2953 Gregor.
976 2873 1048 2938 Gor.
1068 2889 1098 2958 p.
1122 2874 1195 2938 158.

122 2953 160 3020 G·
181 2955 355 3021 Sobneider.
376 2957 413 3021 de
435 2959 595 3022 Elementls
616 2959 652 3020 l..
675 2959 713 3024 1..
733 2977 762 3041 p.
787 2961 860 3023 299.

0 3117 2 3126 Ι
224 3059 252 3106 ι.
281 3047 333 3108 20.
361 3043 493 3108 lustra
521 3046 560 3107 ab
591 3045 782 3126 interpretum
810 3042 901 3122 uulgo
927 3052 1053 3126 propter
1077 3043 1194 3107 Urbis

121 3123 400 3194 lustrationem
429 3130 505 3206 dici,
540 3140 708 3195 annotatur.
773 3131 811 3194 bt
836 3131 927 3192 molto
954 3127 1125 3210 generalius
1156 3129 1194 3192 de
1230 3128 1232 3137 '

1 3269 8 3282 .
123 3213 259 3276 omnibns
281 3219 509 3298 expiationibus,
530 3217 636 3297 quibus
651 3217 782 3279 bominac
798 3216 856 3278 diis
877 3233 909 3279 se
927 3223 1065 3296 purgant,
1085 3216 1148 3278 sito
1162 3215 1194 3278 id

0 3355 1 3392 ,
124 3316 204 3380 apua
224 3299 266 3377 tlt,
288 3304 351 3366 sire
370 3303 450 3382 igue,
470 3305 533 3366 sire
555 3321 637 3378 acre,
659 3303 722 3366 siro
743 3301 907 3378 sacrificiis,
928 3319 1029 3365 rocem
1051 3319 1116 3364 eam
1137 3319 1194 3364 usu

0 3455 4 3474 ι
109 3386 226 3450 morire
248 3387 457 3453 dissertatione
475 3407 567 3470 snpra
592 3389 684 3452 citata
703 3406 733 3469 p.
756 3392 821 3453 418
833 3407 898 3470 sqq.
921 3387 1193 3452 demonstravimus.

226 3489 254 3536 u.
276 3479 327 3537 22.
355 3475 479 3540 Sacra
505 3492 582 3557 quac
610 3476 660 3538 bic
687 3482 960 3551 commemorantur,
990 3491 1049 3536 non
1071 3472 1194 3537 deornm

121 3557 279 3637 imagines,
304 3559 358 3624 scd
381 3563 578 3625 instrumenta
599 3561 734 3623 obscuris
754 3578 906 3624 sacrorum
931 3560 1120 3624 caerimoniis
1141 3557 1195 3622 de-

119 3644 232 3708 stinata
251 3644 345 3710 tuisse
367 3645 518 3712 docuimus
532 3647 578 3711 Dc
591 3645 648 3710 diis
669 3647 826 3727 patriisll,
842 3649 892 3711 ll.
912 3649 961 3710 12.
983 3663 1013 3728 p.
1027 3649 1081 3711 87.
1098 3662 1129 3727 p.
1139 3648 1194 3710 91.

226 3748 255 3794 r.
278 3736 330 3796 29.
348 3731 472 3797 Parra
488 3767 529 3782 -
552 3733 740 3814 compita,
769 3750 845 3813 quac
872 3732 1035 3796 maioribus
1056 3731 1196 3814 opposita

1 3881 2 3890 ,
117 3815 215 3896 vulgo
236 3817 459 3899 praedicabant,
480 3837 584 3884 crassa
604 3820 648 3882 sic
669 3818 809 3882 Minerva
827 3817 976 3900 explicata
994 3819 1060 3880 inrc
1080 3817 1196 3898 respuit

121 3902 248 3966 bscbm.
288 3902 355 3984 lpse
375 3904 503 3969 Pauca
524 3905 669 3988 reposuit.
712 3905 789 3984 ligo,
815 3904 841 3966 si
863 3903 933 3985 quid
956 3901 1122 3967 momndnm
1145 3919 1195 3966 es-

122 3995 179 4063 set,
201 3987 317 4052 mallem
337 3987 450 4053 lisra.
493 3989 554 4054 Sed
567 3993 625 4056 boo
638 3991 733 4070 ipsum
746 3991 1002 4072 interpretatione,
1024 4004 1082 4052 nou
1096 4007 1196 4051 emen·

121 4072 244 4138 datione
264 4074 451 4140 eliciendum
475 4085 549 4140 crat.
600 4075 676 4141 liam
697 4075 925 4139 numerandi
954 4081 983 4140 ct
1004 4073 1195 4144 metiendi

122 4159 273 4224 adiactlta
294 4177 385 4244 saepe
405 4161 449 4226 ita
468 4163 654 4226 crateribus
671 4160 897 4238 contunduntur,
915 4169 949 4225 ut
967 4169 1018 4224 aut
1032 4158 1195 4238 singularis

120 4263 180 4330 pro
211 4247 325 4328 plurali
358 4248 473 4330 positus
505 4245 569 4325 (tel
604 4250 748 4312 materiae
778 4265 885 4312 nomeu
923 4255 1025 4330 partes
1059 4241 1194 4324 singutas

120 4333 321 4417 conplexu)
348 4349 414 4398 oon
433 4349 589 4399 numero
609 4335 808 4418 coniungetur
828 4333 951 4419 (quibos
977 4329 1016 4397 de
1034 4331 1195 4413 generibus
