2912 4920
543 311 821 446 mgmm'
975 328 980 336 ’
1142 367 1221 450 ὥ5

145 524 246 588 nilril
269 523 386 588 cmninn
406 523 556 590 Marcello
578 525 810 606 relinquentem,
836 524 889 592 seul
910 547 948 592 ne
975 519 1129 595 eeiilitate
1150 535 1217 614 qai·
1287 539 1292 552 '

145 611 212 674 dem
233 619 411 689 contentum,
441 613 597 692 particum,
624 611 849 688 bibliothecam,
877 615 1032 697 templum,
1058 620 1214 698 theatrum,

141 697 241 773 luins,
261 699 392 772 amnia,
413 697 451 760 ml
475 706 595 761 matrem
609 699 761 764 Octauiam
780 699 963 764 referentem.
1005 703 1142 783 Egregia
1155 707 1215 768 scie

141 783 214 847 lieet
234 783 310 860 laus,
332 781 412 866 qnnl
435 785 532 846 amnia
548 801 626 866 qnae
642 787 769 864 egisset,
787 801 857 847 nnn
879 788 988 866 egerit.
1041 793 1081 854 At
1100 809 1139 854 ne
1159 792 1213 858 ille

143 869 271 952 quidem,
297 888 381 950 quem
404 881 556 950 prnncnat,
578 870 662 934 testis
685 871 859 934 Plutarchus
876 874 941 941 (uit.
956 875 1101 938 Marcell·
1120 881 1211 958 extr.)

141 965 239 1040 paret.
289 956 370 1019 Nilnil
399 957 473 1018 enim
495 957 548 1018 ille
573 958 631 1018 nisi
660 957 750 1020 laec:
775 948 835 1030 Εἰς
856 953 894 1020 δὲ
914 953 1010 1040 τιμὴν
1032 951 1136 1025 ὰύτοῦ
1155 961 1213 1027 καὶ
1317 1002 1322 1014 ·

142 1031 577 1212 sustentaculi
599 1033 798 1213 citicae
813 1039 1034 1212 Mittit
1056 1036 1210 1198 utcu

140 1222 204 1279 tun.
222 1217 300 1292 Aug.
312 1217 363 1278 29.
384 1213 449 1276 lia.
463 1217 532 1294 epit.
546 1216 618 1278 138.
643 1214 726 1278 Gaas.
742 1213 829 1276 Dian.
838 1213 947 1292 XLIX,
958 1219 1010 1278 43.
1032 1219 1083 1298 qni
1099 1227 1212 1284 utrum·

140 1317 200 1380 qne
221 1307 432 1363 monumentum
444 1301 483 1361 etl
497 1301 685 1364 Octauianum
700 1303 794 1382 ipsum
813 1300 957 1376 reiernnt,
978 1311 1008 1365 et
1022 1302 1106 1366 Gaea.
1121 1304 1210 1372 Dion.

139 1385 219 1459 Llll,
237 1389 289 1451 30.
311 1387 362 1465 qni
383 1386 531 1449 conditam
556 1388 612 1448 ianr
636 1386 701 1448 all.
716 1386 844 1449 Caesare
866 1389 1021 1462 theatrum,
1042 1389 1210 1456 dedicatum

137 1489 211 1535 uera
239 1476 271 1535 in
298 1472 439 1534 Marcelli
466 1472 607 1536 lenonem
636 1473 673 1533 eln
695 1475 828 1550 Angusta
858 1490 924 1537 esse
954 1472 1051 1536 locet.
1104 1477 1210 1543 Restat

139 1559 249 1638 igitur,
280 1566 313 1620 nt
333 1557 379 1621 'Et
406 1557 480 1620 illutl
511 1559 583 1620 nnn
612 1557 906 1638 explicatitum,
933 1559 985 1620 seul
1009 1563 1133 1641 propria
1155 1583 1210 1628 sna

138 1641 358 1723 significatione
379 1643 637 1726 copulativam
668 1661 733 1705 esse
756 1643 894 1707 dicamus.
937 1645 1002 1709 lice
1022 1648 1114 1726 igitur
1132 1649 1209 1712 Prn-

137 1731 268 1812 pertius=
298 1728 379 1806 Quid
399 1731 527 1793 referam
549 1729 804 1810 Marcelliipnins
827 1739 930 1810 geste,
956 1732 1027 1814 qnid
1047 1743 1209 1816 praeterea

132 1816 236 1879 emnia
255 1814 321 1891 illa,
342 1834 419 1897 qnae
441 1817 503 1880 eins
524 1819 641 1879 numine
662 1825 756 1879 mater
778 1817 930 1895 gesserit?

239 1921 265 1966 u.
301 1905 350 1965 16.
381 1903 453 1966 Tnt
480 1904 578 1965 bone
607 1909 678 1964 tarn
714 1919 836 1982 perne
871 1902 1017 1972 clausit
1041 1905 1077 1967 in
1111 1907 1208 1972 orlte

140 1985 235 2050 ntes.
265 1987 330 2050 Nan
353 1990 426 2052 satis
445 1999 584 2052 accurate
604 1989 662 2050 rim
677 1990 763 2050 huius
784 1988 944 2050 lncnticnis
956 1990 1018 2056 VV.
1035 1985 1099 2056 llll.
1112 1993 1207 2057 inter-

137 2083 302 2155 pretantur.
345 2073 420 2136 Num
442 2084 524 2137 recte
546 2075 661 2156 quidem
683 2074 768 2148 illud,
789 2073 869 2156 quad
891 2075 1074 2140 claudere
1096 2113 1137 2127 -
1160 2079 1207 2142 li-

2 2193 3 2200 *
135 2161 425 2224 nireesseaiunt.
471 2160 781 2235 clamitant.
826 2159 1024 2224 Tamdiem
1047 2164 1207 2242 elata·
1250 2211 1257 2220 -

2 2294 4 2308 .
133 2244 206 2308 lem
235 2247 392 2327 explicant,
420 2245 510 2327 qnod,
536 2245 624 2309 mode
646 2246 763 2326 reliqua
784 2245 966 2322 addicerent,
996 2265 1081 2311 nemn
1102 2267 1147 2312 me
1166 2251 1206 2314 li·

2 2370 3 2392 r
133 2329 250 2394 bentins
271 2331 459 2395 concederet
482 2333 528 2396 Gl.
552 2350 654 2396 comm.
678 2332 714 2394 ad
738 2331 784 2394 ΕΙ.
806 2333 843 2407 ll,
866 2336 917 2407 28,
939 2336 992 2396 32.
1036 2334 1113 2410 Quin
1131 2354 1204 2402 reru
1306 2327 1311 2336 ’

2 2454 5 2480 ÷
136 2419 231 2480 crine
253 2435 374 2501 paruo
396 2418 470 2482 liatl
493 2437 578 2499 quiem
600 2419 656 2480 nisi
671 2420 801 2498 genitiva
815 2427 897 2482 certe
913 2419 1040 2495 adiecta,
1062 2425 1205 2503 antapud

2 2541 6 2569 ἰ
133 2504 260 2566 animam
289 2502 425 2566 alicunde
453 2506 606 2586 suppletu,
642 2504 680 2566 de
710 2521 831 2586 parre
858 2521 1040 2568 annerum
1062 2511 1205 2588 spatio,
1240 2583 1243 2591 ¹

1 2621 6 2658 2
133 2590 215 2671 qunti
242 2599 311 2671 pust
333 2589 516 2652 Bersellum
544 2608 643 2653 amnes
672 2590 838 2666 lacerum,—
859 2591 1005 2672 explicari
1034 2609 1092 2654 nnn
1117 2595 1201 2660 licet.

2 2708 5 2744 u
134 2676 271 2741 ornem
293 2677 386 2753 igitur
401 2678 465 2738 eins
484 2677 579 2758 ipsius
604 2675 696 2752 diei,
717 2677 767 2756 qni
789 2677 984 2758 (reiquae)
1007 2677 1038 2739 in
1060 2677 1117 2740 fine
1134 2698 1203 2742 rer·

2 2804 5 2832 f
131 2779 184 2824 ana
204 2760 298 2838 adest,
317 2761 447 2841 intelligi
460 2779 583 2825 necesse
605 2771 658 2824 est.
701 2763 740 2824 At
762 2779 839 2843 qnae
861 2763 919 2825 ista
938 2765 1099 2826 sententia:
1120 2767 1203 2830 Urna

129 2847 186 2911 ille
203 2846 267 2910 dies
288 2857 346 2910 tam
363 2865 457 2929 perun
479 2847 634 2912 duedecim
662 2847 802 2910 lunarum
824 2848 872 2910 rel
891 2849 980 2911 etiam
998 2847 1109 2930 duplici
1132 2869 1202 2933 apa-

4 2979 6 2986 .
130 2935 186 3010 tin,
204 2951 273 3014 ‘qun
293 2933 346 2998 ille
368 2941 498 2996 mortuns
516 2943 571 3009 est,
600 2941 644 2996 int
664 2935 742 2996 uitae
768 2935 848 2996 bena
876 2933 983 2998 finiuit:
1012 2937 1098 3015 quasi
1126 2937 1202 3000 Pru·

129 3019 254 3102 gemine,
278 3027 309 3081 nt
324 3020 495 3102 perplures
518 3019 582 3082 iles
595 3021 759 3084 Marcellus
779 3029 910 3082 mortuns
934 3029 1020 3095 esset,
1043 3025 1202 3102 optauerit,

2 3140 6 3178 ,-
130 3115 183 3169 ent
211 3107 300 3186 qnam
325 3106 490 3168 lrnminilum
516 3107 634 3186 integra
661 3106 710 3170 ulie
735 3104 774 3168 ad
803 3105 987 3168 moriendum
1009 3123 1089 3190 ‘apua
1112 3119 1201 3185 esset,

2 3236 6 3269 c
128 3209 190 3254 nnn
217 3210 276 3253 uua
303 3191 390 3270 lucra,
414 3191 462 3255 uel
489 3192 589 3274 patius
614 3209 673 3254 unc
709 3193 851 3273 temperis
880 3202 1035 3270 memento.
1095 3193 1201 3276 Itaque

129 3277 236 3352 diem,
263 3276 343 3357 qunti
364 3279 452 3341 letica
472 3279 630 3359 significat,
663 3280 784 3360 ipsum
805 3278 993 3361 temperie
1014 3277 1096 3341 illinc
1118 3299 1201 3362 apa·
1297 3288 1299 3294 ’

1 3408 5 3436 ,ι
127 3363 220 3428 tium
238 3363 383 3444 intellige,
406 3363 486 3446 quenl
508 3365 578 3428 latis
600 3365 741 3428 Marcelli
763 3365 908 3448 expletum
930 3374 983 3428 est.
1034 3363 1089 3426 llic
1107 3366 1200 3445 igitur

2 3517 3 3526 χ
126 3465 271 3532 pertus
293 3452 477 3532 temperis
510 3451 615 3513 crinis
643 3469 707 3513 cnm
734 3451 800 3531 ipse
826 3451 1079 3514 clauderetur
1102 3451 1201 3530 (uides

126 3545 234 3609 autem,
261 3545 371 3616 quamc
394 3537 489 3616 magis
511 3537 633 3618 proprie
654 3534 730 3599 illml
750 3537 872 3600 uerbum
893 3538 936 3600 sie
958 3536 1065 3599 dictum
1085 3537 1201 3618 luerit),

128 3623 216 3684 etiam
238 3620 317 3684 unna
339 3625 439 3685 amnia
460 3626 518 3686 ista
540 3641 638 3688 secum
660 3621 767 3686 elausit
789 3631 818 3686 et
839 3621 942 3686 finiuit
986 3621 1088 3704 Neque
1110 3623 1199 3690 aliter

124 3707 281 3772 Horatium
303 3709 360 3773 od.
381 3710 431 3786 tv,
452 3713 501 3786 13,
524 3712 575 3773 ta.
595 3709 727 3790 intelligi
741 3725 830 3791 posse
852 3707 957 3773 niden:

313 3828 370 3880 Nee
389 3829 459 3881 Cone
476 3831 595 3896 referum!
611 3829 666 3882 inm
682 3829 731 3882 tibi
747 3843 892 3897 purpurae,

312 3897 370 3948 Nee
387 3899 445 3949 enni
462 3899 565 3964 lapidea
581 3904 748 3966 tamquarm,
767 3913 835 3966 qnae
851 3898 931 3952 sanet

345 3963 427 4017 Notis
444 3967 586 4018 canndiim
602 3969 685 4034 scails

414 4035 566 4088 inclusit
588 4036 704 4089 coluncis
721 4035 804 4090 alies·

120 4139 197 4207 Nam
219 4137 356 4204 diesin
376 4139 471 4202 lastae
494 4139 639 4214 relata,
671 4151 729 4201 nnn
750 4157 826 4200 anns
849 4138 986 4216 milies,
1004 4140 1111 4224 metium
1129 4142 1199 4205 nlti-

120 4247 186 4291 mns
213 4229 305 4292 tutius
335 4226 443 4300 seriei,
469 4225 523 4289 eeu
550 4225 661 4305 singuli
689 4224 752 4288 alies
782 4242 899 4302 omnen,
931 4227 1038 4307 quibus
1066 4235 1200 4309 tempera

117 4315 287 4400 praeterita
303 4313 469 4397 explentur.
518 4313 707 4394 Magnnpere
732 4313 809 4375 enim
831 4315 1013 4390 errauerint,
1035 4315 1086 4394 qui
1110 4329 1199 4377 nnn-

163 4395 225 4466 ΙΙΙ.
280 4402 286 4414 ”
951 4403 993 4462 24
