2910 4930
124 478 126 486 ,
241 411 316 492 1oe
425 475 430 500 ¹
575 401 838 480 (levamentarius
855 401 891 470 ln
912 402 1012 492 Prep.

241 589 333 652 tivum
351 578 531 666 partienlum
558 579 657 644 uude
686 597 766 655 esse,
793 577 995 643 enniuuetivus
1022 575 1182 644 venient
1204 575 1316 660 predii

244 675 320 738 llam
336 687 402 734 eum
421 670 544 752 p'repvie
564 665 719 730 dicendum
739 674 834 730 esset:
863 667 1065 729 elsenrnnv
1086 674 1140 742 est,
1161 683 1231 745 qua
1250 665 1316 728 via

245 759 326 824 mela
343 757 474 832 veniant,
495 789 536 804 -
558 755 627 818 lviue
653 753 762 816 laetam
790 753 959 815 ebatur-a
980 751 1044 816 via
1065 761 1119 827 est,
1141 768 1218 833 qun
1237 751 1316 814 male

245 847 376 910 veniant.
420 843 485 906 llea
498 851 596 904 autem
609 837 648 901 ad
662 839 783 918 singula
797 829 986 918 συνώνυμον
1008 846 1054 900 est
1066 839 1104 912 ei,
1127 835 1208 919 qued
1225 835 1315 919 Prep.

246 930 405 1014 expressit.
447 928 522 992 Nam
545 945 601 1009 pro
623 927 790 987 obseura
812 941 964 988 euenum
988 925 1120 1006 panitur,
1146 931 1176 986 et
1206 941 1317 1005 prenu-

247 1018 334 1083 minis
360 1017 426 1078 viee
453 1011 550 1077 unde
577 1013 721 1091 lvvngitvvr.
769 1011 916 1075 Similiter
940 1009 1046 1074 flerat.
1071 1009 1129 1074 ot.
1160 1008 1185 1086 l,
1213 1013 1244 1085 e,
1274 1014 1317 1072 l.:

247 1100 448 1169 Scriberis
467 1098 677 1180 Varie-quau
694 1115 756 1160 vem
769 1098 854 1182 milev
874 1104 912 1160 te
933 1095 1028 1160 du'ee
1048 1095 1179 1176 gesserit
1198 1105 1229 1160 et
1241 1113 1318 1177 quea

246 1191 370 1268 Kvttger
390 1185 515 1266 collegit
528 1185 655 1248 Granum.
676 1183 745 1246 Lat
766 1181 795 1265 §.
816 1185 892 1248 669.
904 1201 969 1264 sqq.
993 1183 1021 1267 §.
1042 1187 1116 1247 ete.
1137 1185 1167 1258 3,
1181 1185 1234 1246 12.
1255 1180 1317 1246 Sed

245 1292 371 1360 prensus
396 1271 441 1336 ad
456 1280 587 1336 vvestvam
609 1287 672 1332 vem
692 1269 781 1346 lauit,
807 1269 866 1332 nisi
894 1270 983 1332 etiam
1002 1269 1179 1332 insolentius
1201 1267 1318 1344 dietum,

246 1365 369 1428 Lueret.
391 1359 428 1424 N.
448 1357 486 1422 tt.
507 1357 544 1432 V,
563 1360 653 1420 tite:
683 1354 746 1418 Nee
767 1357 871 1418 ratio
894 1355 995 1418 salis
1016 1356 1143 1438 simplex
1165 1363 1216 1416 sut
1236 1363 1319 1418 reeta

247 1446 384 1531 patescit,
407 1444 488 1523 Qun
509 1453 622 1528 paeto
646 1443 766 1505 aestivis
783 1441 947 1522 apartibus
960 1441 1149 1522 Aegieevetis
1162 1441 1318 1504 Brumalea

247 1535 359 1600 adeat
386 1533 491 1594 lexas.
538 1529 599 1592 Pve
630 1544 684 1590 ee:
712 1528 776 1592 Nee
802 1525 977 1610 simplieiter
998 1537 1124 1610 petet,
1152 1545 1226 1610 qua
1255 1546 1320 1590 va·

248 1622 359 1687 tiene
381 1613 572 1680 sel-adeat
594 1623 663 1677 eett.

350 1721 381 1767 v.
414 1702 463 1766 lit.
508 1700 690 1782 Gompavaut
715 1697 869 1760 Tleoertt.
900 1693 986 1780 ltytl:
1009 1697 1048 1774 Π,
1071 1703 1123 1764 99.
1136 1719 1183 1780 sq.
1210 1693 1267 1760 καὶ
1286 1691 1321 1773 ἐς

248 1785 339 1863 τίνος
367 1777 429 1850 οὐκ
449 1779 616 1872 ἐπέρηοα;
635 1775 689 1844 ’Ἠ
704 1775 810 1858 ποίας
829 1774 947 1846 diener
967 1779 1087 1868 γραίας
1109 1779 1228 1866 δόμον,
1249 1777 1321 1858 ἅτις

249 1867 392 1962 ἓπᾷδενς
413 1871 462 1936 Ad
482 1890 585 1936 vneem
606 1871 784 1953 praemia
805 1869 845 1932 ei.
869 1887 972 1934 eemm.
995 1869 1034 1932 ad
1051 1871 1101 1934 El.
1123 1873 1174 1948 lV,
1194 1875 1226 1948 9,
1248 1877 1301 1936 99.

350 1977 379 2024 r.
403 1964 454 2024 17.
474 1959 682 2022 Laelmanuue
704 1954 844 2036 quosdam
865 1955 982 2019 infimae
1003 1967 1093 2020 neme
1118 1960 1216 2023 libres
1237 1975 1322 2021 seeu-

247 2055 296 2112 tus
319 2043 368 2109 ed.
388 2044 473 2129 Lips.
494 2045 669 2126 puellam
690 2043 869 2123 scripserat,
890 2043 1006 2106 scilieet
1033 2041 1113 2126 qued
1134 2063 1164 2109 v.
1186 2051 1238 2107 22.
1258 2042 1324 2107 til·

249 2143 339 2196 tera
362 2141 548 2212 sequeretur.
598 2127 660 2192 Sed
682 2128 773 2190 laeile
800 2145 860 2190 nen
882 2147 900 2190 a
921 2131 1018 2210 puetis
1040 2127 1140 2208 mede,
1161 2131 1323 2195 sedetiam

248 2219 281 2282 iu
304 2217 442 2281 eratione
468 2215 600 2299 pedestri
627 2215 739 2277 numeri
757 2213 802 2276 ita
819 2224 1049 2291 commntantur,
1079 2224 1112 2279 ut
1133 2236 1154 2280 a
1177 2215 1325 2297 singulari
1422 2271 1423 2300 p

248 2303 288 2368 ed
309 2302 454 2384 pluralem
476 2311 505 2365 et
526 2301 594 2364 viae
612 2319 699 2365 versa
714 2301 856 2365 transitur
875 2299 943 2376 viat,
969 2299 1115 2382 siquiden
1145 2305 1324 2367 coniunctim

248 2387 397 2466 singulari
424 2405 546 2452 numere
573 2388 740 2450 universum
758 2403 855 2448 verum
877 2386 925 2450 vel
952 2404 1148 2468 personarum
1169 2409 1263 2471 genus
1284 2389 1325 2450 si·
1422 2394 1423 2413 ¹

248 2473 418 2556 guilieatnr.
440 2473 492 2537 Sia
511 2473 573 2538 Gir.
595 2473 663 2538 Nat.
685 2473 774 2534 Denr.
795 2471 819 2547 l,
842 2474 910 2536 38.:
933 2473 997 2536 llee
1016 2473 1092 2536 idem
1113 2475 1179 2538 lieri
1202 2477 1233 2538 ia
1254 2475 1323 2538 deo

249 2597 293 2612 -
306 2579 345 2626 ex
366 2577 426 2641 que
447 2577 515 2624 esse
535 2559 644 2623 besti
666 2568 697 2622 et
718 2559 832 2620 aeterni
851 2558 1066 2640 intelligantur.
1081 2559 1190 2624 Senee.
1206 2559 1325 2625 Pravid.

250 2652 299 2712 2:
321 2647 447 2712 Miraris
468 2656 516 2724 tu,
543 2645 569 2707 si
591 2643 664 2706 deus
686 2643 739 2707 ille
761 2645 905 2708 bonerum
927 2648 1324 2712 amentissimus-lortunam

247 2734 322 2808 iltis,
343 2749 409 2796 eum
429 2751 490 2814 pua
510 2739 714 2805 exerceantur,
735 2731 888 2810 assignat!
932 2731 1081 2812 ligavero
1096 2751 1157 2796 nen
1172 2735 1276 2809 mirer,
1298 2733 1326 2794 sl

249 2817 520 2902 quendeimpetum
542 2817 700 2899 eupiunt
722 2817 875 2899 spectandi
893 2835 1017 2898 magnes
1036 2819 1117 2881 vires
1130 2829 1200 2884 eett.
1246 2820 1326 2882 Gavv·

248 2905 367 2970 dentiae
388 2904 457 2969 Ser.
476 2905 554 2971 Vlll.
574 2922 605 2986 p.
620 2907 690 2966 ea:
713 2901 811 2965 Gave
834 2904 937 2978 solum,
959 2914 991 2969 ut
1005 2904 1095 2968 aliter
1109 2923 1170 2968 non
1195 2907 1327 2970 delin-

248 3011 356 3074 quas,
377 2991 398 3053 i.
420 3008 457 3067 e.‚
487 2997 519 3052 at
547 2989 836 3052 alevnieetinnibns
857 2991 1006 3070 lugias3
1029 3023 1071 3035 -
1121 2993 1198 3056 lvaee
1228 3005 1326 3054 autem

249 3080 295 3143 ita
316 3077 431 3142 denum
459 3077 664 3160 poteritis,
693 3077 719 3137 si
742 3077 915 3140 ebrietatem
945 3075 1144 3141 devitetis.
1191 3079 1240 3143 (ll.
1265 3080 1328 3142 lla·

250 3165 306 3230 vis.
331 3161 372 3226 ad
397 3163 460 3226 (lia.
488 3161 526 3226 de
553 3161 589 3226 N.
623 3159 755 3236 Ι).1.Ι,,
783 3162 835 3222 ubi
869 3179 907 3224 ex
931 3161 1054 3225 Graecia
1088 3163 1168 3226 idem
1198 3166 1329 3249 plurima
1421 3201 1422 3208 .

250 3248 388 3332 exempla
411 3248 546 3328 enlleffl't.
593 3247 773 3309 Insolentiae
800 3249 1006 3325 stauratio,
1042 3267 1131 3332 quum
1160 3252 1193 3313 in
1222 3251 1329 3316 eudem

250 3336 402 3398 enuntiate
424 3333 502 3398 idem
518 3333 560 3408 tt,
590 3343 622 3396 ut
644 3331 730 3398 Ovid.
753 3333 833 3396 Favi.
854 3334 904 3410 Vl,
925 3339 995 3397 lla
1020 3337 1047 3399 si
1069 3335 1186 3400 titulum
1209 3339 1329 3411 mensis,

250 3421 431 3496 Romane,
462 3419 648 3493 dedistis,
680 3417 759 3500 pund
781 3421 892 3484 iniuria
909 3421 1023 3502 expulit
1041 3423 1175 3486 Mevlvel.
1222 3425 1329 3504 Neque
1421 3435 1422 3461 ¹

249 3507 329 3572 euim
347 3505 514 3589 expeditius
533 3504 606 3568 ibid.
626 3503 665 3581 ll,
688 3508 777 3568 lta:
808 3505 865 3567 hee
888 3505 1021 3570 dedimus
1050 3524 1119 3571 nus
1138 3504 1197 3572 svlri
1220 3527 1330 3572 nemen

250 3609 387 3676 eques3
411 3603 501 3694 atque
524 3593 621 3688 adenp
645 3591 695 3658 eui
723 3593 823 3654 versui
844 3591 941 3654 lesum
967 3611 1042 3656 nvvne
1064 3613 1123 3658 nun
1142 3596 1331 3660 invenimus:

249 3676 1079 3848 lttlttttttt.tt.tt.t.·.·..tztttittet.
1095 3681 1331 3834 tittlttt

249 3851 370 3954 Sim&
388 3849 838 4002 cdsswdddlud'ddtaduprdvdrdss
854 3852 910 4002 dd'
926 3855 1090 4003 lddtwrsddr
1109 3939 1251 4006 tuitionis
1272 3954 1331 4005 usu

251 3955 413 4106 Prepeddie
433 3985 576 4086 ldmiliari
597 4023 636 4088 ei.
659 4023 695 4101 Q.
706 3957 753 4088 pl'·
775 3983 814 4101 11]
836 4029 866 4090 6.
887 4045 917 4110 p.
941 3959 1030 4089 ididj
1087 3959 1106 4022 Ρ

354 4127 383 4175 v.
406 4114 455 4178 19.
476 4109 569 4173 Amor
589 4110 836 4190 navigationi
858 4123 1062 4196 eomparatur;
1082 4111 1192 4192 infelix
1212 4121 1333 4177 amatur

123 4273 126 4281 ¹
250 4195 412 4278 neulrage.
455 4195 501 4260 Gl.
524 4196 564 4261 ad
584 4195 633 4260 El.
645 4196 681 4271 11,
704 4202 754 4273 12,
776 4203 806 4262 7.
829 4198 935 4263 iterat.
957 4199 1015 4265 (ld.
1034 4201 1058 4280 l,
1079 4203 1109 4277 5,
1133 4205 1234 4282 tisqq.
1258 4199 1333 4282 lipi-

252 4299 376 4362 gremm.
391 4273 552 4348 dda'urvea.
572 4283 691 4346 Antlel.
703 4283 801 4348 Pelet.
822 4285 860 4362 V,
883 4289 933 4351 ll.
954 4303 985 4368 p.
998 4291 1051 4352 89.
1077 4289 1133 4353 Ηίο
1146 4305 1222 4350 vere
1239 4287 1330 4349 etiam

252 4379 352 4434 emam
372 4369 476 4454 puella
494 4369 543 4438 vel
564 4367 693 4435 deliciae
712 4371 897 4454 navigio,
919 4391 978 4458 qun
1000 4391 1112 4458 genere
1132 4372 1332 4437 iutuemui
1420 4417 1421 4462 p
