2950 4932
553 373 653 465 breg.
674 375 727 462 ll„
742 379 797 446 bt).
1147 381 1225 462 ωδ

320 549 417 616 mete
435 547 482 604 aui
499 549 579 614 Ζῆνα
596 551 643 602 eut
657 545 745 618 Ἄιδι,
763 550 814 604 τόν
830 567 859 604 re
875 549 1019 618 θαλάσσης

352 619 537 687 immaniter
554 621 684 690 μαλερῶν
700 620 804 672 deutur
821 618 902 672 ἐόντα
921 618 1032 674 πόθων·

318 689 356 740 El
370 687 402 739 dd
418 688 480 740 θεολ
497 687 618 754 τοιοίδε,
635 690 713 746 θεοῖς
728 685 754 740 d'
770 687 920 742 ἐνέπουσιν
931 689 1049 744 turnum

358 753 546 826 Ἀνθρώπους,
564 759 599 807 rt
612 755 707 810 θεῶν
723 756 814 830 libya
831 756 961 828 μαθών
979 757 1104 829 ddeeri;

143 876 222 944 sun.
244 859 375 942 nerent:
389 875 465 942 nnn.
488 872 591 956 n1,s‚
614 881 666 942 ru.

250 999 281 1044 ι.
304 983 355 1044 33.
387 979 549 1061 Ingeniosa
568 981 741 1044 ennieetura
760 978 841 1044 douti
862 979 932 1046 ltuli
951 990 1006 1059 est,
1025 981 1077 1064 qni
1097 984 1164 1048 Vnt.
1185 985 1223 1052 lt.

142 1069 167 1132 i.
190 1083 218 1130 e.
238 1083 267 1132 n.
289 1081 314 1130 e.
337 1067 422 1131 Perr.
444 1067 649 1150 interpolarit:
682 1067 744 1132 lleu
765 1075 795 1130 le
814 1067 942 1148 virginei
970 1071 1140 1134 reverentie
1160 1089 1225 1134 mu-

145 1155 226 1220 uerit
255 1154 327 1217 nris.
371 1152 434 1216 Sed
460 1163 544 1216 recta
569 1156 674 1228 babet,
703 1152 782 1235 quud
809 1151 881 1218 libri
903 1155 1069 1238 incorrupti
1089 1167 1226 1224 tuentur:
1337 1167 1340 1176 ’

145 1241 211 1306 Neu
233 1247 265 1304 tn
280 1239 453 1320 Virginibus
473 1243 642 1305 reverentia
657 1241 785 1305 mereris
804 1258 869 1304 ura
914 1243 988 1306 llum
1009 1259 1157 1308 munere
1179 1253 1226 1312 est

147 1326 393 1402 ealliditate,
425 1325 643 1402 lacessere,
678 1327 722 1392 nti
749 1335 833 1391 reeta
857 1323 972 1392 Sebul.'
994 1327 1125 1412 explicat
1149 1329 1225 1397 llnr.

145 1411 246 1496 Bpud.
258 1411 354 1486 xv11,
376 1415 423 1475 du:
444 1412 558 1476 Per-
575 1413 692 1476 Dianae
714 1431 774 1475 nan
796 1413 982 1478 unienda
1002 1417 1130 1478 numina.
1157 1415 1226 1481 Re·

145 1517 287 1564 terens
308 1507 405 1560 auten
426 1507 472 1562 est
499 1497 761 1574 verecundus,
785 1497 887 1580 qualia
907 1502 1054 1578 uirginum
1082 1520 1139 1565 nra
1159 1521 1226 1568 esse

146 1583 246 1649 decet
288 1584 341 1647 Sia
363 1585 428 1646 sine
449 1601 521 1646 uasn
533 1585 669 1685 'positum
692 1602 712 1646 a
730 1584 808 1648 Plin.
827 1587 884 1670 Ep.
906 1587 984 1665 Vlll,
999 1589 1051 1650 ll.
1073 1605 1137 1652 erran
1156 1607 1227 1653 nnn·

144 1673 263 1736 desto
286 1679 433 1752 tamquam
456 1687 646 1759 συνῳνυμον
668 1671 812 1749 iungitur.

251 1789 279 1836 r.
303 1775 353 1836 st.
376 1788 439 1834 nne.
470 1771 610 1838 Vaticani
632 1771 672 1834 ll.
694 1773 895 1854 interpolatur
916 1783 953 1836 te
974 1775 1115 1851 coniecit,
1145 1773 1226 1856 quud

146 1853 276 1949 prepter
306 1877 422 1921 uersum
450 1858 539 1921 buius
568 1859 687 1940 elegite
710 1861 898 1922 nouissimum
921 1861 963 1922 ita
984 1861 1104 1924 Luulnnr.
1128 1873 1157 1924 et
1177 1864 1227 1925 la-

150 1946 220 2008 nub.
246 1943 474 2020 blandiebatur,
507 1952 538 2007 nt
566 1945 596 2008 in
627 1945 762 2008 ordinem
792 1948 929 2028 recipere
957 1963 1016 2010 nnn
1045 1946 1226 2022 dubiurene

150 2033 193 2094 At
222 2049 279 2094 nun
306 2031 379 2094 sutis
405 2029 610 2105 attenderunt,
641 2049 719 2112 quiue
745 2033 799 2093 sub
824 2034 881 2096 bae
912 2031 1063 2114 allegoria
1080 2035 1228 2098 sententis

148 2116 256 2180 lateat.
299 2115 364 2181 llne
387 2117 540 2180 enimait:
563 2117 731 2196 bietie.
754 2118 929 2182 teeunuin
952 2122 1099 2200 patriis
1122 2137 1227 2184 mun·

146 2203 273 2279 tibus,
298 2221 358 2266 nun
388 2203 546 2266 aesculetis
567 2203 728 2284 Hyrcanis)
754 2204 780 2266 si
810 2204 880 2268 nnilni
897 2203 1005 2268 Musae
1033 2215 1063 2271 et
1090 2207 1227 2278 Baculus

146 2291 285 2353 earmina
306 2287 458 2365 dederint,
484 2290 590 2352 lubens
617 2308 674 2370 ego
697 2307 743 2354 nne
764 2291 869 2354 lurore
888 2293 1007 2372 poetice
1037 2294 1104 2376 rapi
1126 2294 1227 2376 putiur

143 2409 192 2421 --
206 2375 255 2459 nel
269 2409 311 2423 -
327 2377 354 2438 si
375 2377 424 2438 eui
444 2376 501 2438 bne
523 2377 612 2438 etiarn
634 2377 789 2440 obscurius
812 2377 921 2442 dietum
939 2376 1077 2442 rideatur
1091 2413 1134 2426 -
1149 2381 1176 2442 si
1196 2387 1227 2444 tu

143 2471 317 2546 praesente,
339 2461 663 2541 gelidum‘nennus
685 2462 896 2546 dentesque
917 2465 1097 2527 salubres
1120 2475 1149 2530 et
1167 2465 1229 2528 ri·

146 2566 232 2611 nnrn
255 2548 294 2610 ad
315 2549 448 2611 earmina
469 2549 627 2630 pangenda
646 2558 781 2630 purutnnr
805 2568 851 2612 na
873 2549 1068 2627 reddiderint,
1098 2568 1158 2614 nnn
1177 2569 1229 2614 re·

148 2635 308 2714 fragabat.
351 2633 424 2698 liant
447 2635 511 2697 sine
532 2645 570 2698 te
590 2643 724 2698 nustnnrn
743 2653 803 2700 nun
820 2634 899 2700 ralet
921 2638 1082 2717 ingenium.
1125 2636 1229 2714 Vides,

146 2719 181 2784 id
204 2721 284 2802 qurnd
306 2723 342 2784 L.
365 2721 572 2784 emendatione
600 2739 655 2784 sne
671 2721 791 2786 elduere
812 2723 957 2798 noluerit,
990 2723 1051 2785 iure
1071 2722 1152 2786 ultre
1174 2723 1231 2786 ad·

146 2808 255 2872 rerbin
276 2807 336 2870 liu
356 2807 507 2889 praeberi.
544 2807 657 2874 (luntre
674 2809 867 2872 Musarum
888 2809 1054 2872 ebureae
1071 2811 1231 2876 mireari

146 2894 227 2958 nibil
247 2893 330 2957 aliud
350 2911 416 2956 esse
438 2909 545 2975 posse,
573 2911 660 2974 quun
686 2893 767 2976 quud
796 2896 1082 2978 supraponimus,
1110 2897 1230 2980 poesi

151 2981 325 3062 operari,
345 2981 417 3044 satis
441 2979 550 3044 dueent
570 2978 617 3042 ΕΙ.
638 2979 679 3055 ll,
701 2983 753 3056 lt),
774 2984 820 3044 l.:

254 3103 314 3154 luen
331 3107 433 3169 temper
451 3101 608 3154 lustrare
625 3101 716 3154 aliis
734 3099 910 3153 Heliseus
927 3099 1074 3156 eboreis.
1211 3160 1217 3175 ·

147 3205 206 3281 111,
229 3209 257 3282 l,
279 3209 329 3272 ab:
358 3206 473 3270 Primus
496 3224 554 3288 ega
577 3205 789 3288 ingrediur-
806 3205 912 3271 Itala
933 3226 1003 3292 per
1022 3205 1162 3270 Graius
1181 3223 1232 3270 ur-

147 3293 205 3372 gia
226 3293 489 3369 ferreolum,
510 3293 561 3357 ubi
583 3311 613 3358 ι.
635 3312 740 3360 eursu.
788 3293 852 3362 Sed
873 3293 932 3372 ita,
964 3303 997 3358 ut
1015 3289 1092 3358 nulli
1112 3293 1233 3358 dubita·

146 3380 226 3443 usai
246 3379 330 3445 lucus
351 3381 390 3444 sit
411 3379 464 3455 ΠΙ,
486 3381 518 3456 b,
543 3385 608 3446 lib:
740 3452 743 3458 ,

255 3501 301 3554 nte
317 3505 393 3552 iuuat
410 3500 440 3552 ie
455 3501 545 3566 primu
559 3499 673 3552 uoluisse
689 3501 820 3554 Helieone
834 3501 944 3554 iuuenta

289 3569 534 3638 Musarumque
551 3568 677 3622 eburis
694 3571 922 3638 implicuisse
937 3582 1076 3624 neree.-
1162 3605 1165 3612 .

254 3639 300 3690 Me
317 3639 389 3710 iuuat
407 3646 431 3690 et
446 3639 528 3690 multu
546 3645 684 3690 merrtem
700 3640 838 3692 uincire
854 3639 979 3708 Lyaeo.

147 3739 204 3822 qui
226 3757 330 3804 renus
353 3741 445 3806 veluti
465 3735 522 3826 piu
543 3741 754 3805 conmentario
781 3732 905 3818 Ιιιιιῑιιοι,
925 3739 988 3806 luni
1017 3755 1085 3804 essa
1105 3739 1232 3820 pessintu

147 3825 258 3907 ltaque
279 3828 454 3909 prenomine
476 3839 513 3892 tu
533 3847 562 3894 ι.
587 3830 640 3892 ut.
661 3837 784 3912 receptu
805 3829 881 3892 baeu
903 3827 1045 3892 eraderet
1064 3826 1233 3890 sententiae

148 3913 180 3978 si
202 3923 233 3976 tn
255 3913 337 3995 ipss,
357 3911 498 3993 Gyntbia,
520 3913 698 3978 numinibus
721 3931 845 3998 eperunt
867 3913 1004 3991 dederis,
1033 3928 1091 3990 egb
1114 3929 1234 3993 quoque

149 4017 267 4062 mnan.
312 3999 400 4078 Quod
422 4019 442 4063 a
462 4009 573 4082 poetae
587 4009 683 4065 menie
708 4000 978 4066 maximealiennn
998 3999 1093 4062 luisse
1115 4013 1234 4062 seuseu.

150 4083 292 4150 (leternrn
312 4105 333 4148 u
353 4085 434 4150 reris
456 4086 574 4150 ebureir
587 4088 619 4150 in
641 4089 784 4152 bonorem
806 4085 931 4152 deurnrr
951 4085 1092 4150 institutis
1115 4083 1233 4146 duetau

149 4183 222 4235 erse
243 4173 321 4236 bene
341 4171 545 4254 nstapbnrunr
565 4181 693 4238 cunstat.
736 4168 804 4253 Quo
821 4175 941 4238 numine
961 4189 1022 4237 nnn
1041 4171 1144 4251 inenu
1156 4171 1234 4233 Bur·

149 4273 253 4322 nana.
274 4269 439 4341 murrae.
463 4261 561 4340 epigr.
584 4265 635 4326 la
654 4259 746 4324 balb.
764 4261 919 4344 Opuupuei
938 4277 971 4346 p.
993 4257 1111 4326 tabi
1136 4271 1163 4320 e.
1187 4271 1234 4340 ep.

151 4329 558 4428 destrimentum.
583 4345 857 4432 bittauusqs
1023 4379 1028 4390 ·
1088 4391 1092 4400 -
1144 4375 1148 4388 ·
