2870 4922
87 324 220 401 ¹nr

103 569 107 574 Ι
192 471 312 570 quibus
337 471 570 549 similitudines
594 483 631 547 et
655 472 829 568 analogias
854 496 918 572 per
943 466 1078 550 omnem
1091 476 1257 556 Latinita-

97 573 100 578 ’
191 588 262 652 tem
295 579 466 650 rarissime
499 576 672 674 dispersas
706 577 886 670 diligenter
912 577 1110 672 collegerit,
1143 585 1257 670 colle-

193 687 332 771 ctasque
365 676 408 750 ad
434 675 531 751 locos
568 678 735 776 Propertii
767 678 910 751 idoneos
941 679 1001 752 vel
1033 683 1256 780 explicandos

192 777 253 856 vel
278 780 508 876 personandos
532 779 730 870 adhibuerit,
756 788 823 851 tum
838 802 924 854 vero
947 783 1047 853 etiam
1073 807 1136 858 usu
1162 809 1255 882 poe·-

191 891 249 954 toe
286 881 421 970 assiduo
450 891 485 954 et
524 881 770 977 quodammodo
803 879 959 954 familiari
995 883 1121 958 bonam
1161 891 1256 962 vitae

190 991 320 1082 portem
346 981 489 1079 dederit.
538 985 596 1057 An
622 984 711 1078 quod
730 987 766 1058 in
791 986 974 1056 amicorum
1006 986 1155 1060 moribus
1180 988 1258 1064 fere

192 1087 394 1178 contingere
420 1084 737 1180 animadvertimus,
771 1094 806 1158 ut
826 1085 967 1181 plurima
993 1109 1079 1182 quae
1098 1089 1171 1162 aliis
1196 1095 1257 1162 in-

191 1185 337 1262 solentia
367 1188 562 1278 videantur,
598 1191 722 1260 vitiosa
749 1197 784 1260 et
808 1191 985 1278 immunia,
1010 1192 1041 1262 si
1067 1201 1256 1263 consueru-

60 1349 61 1358 ,
191 1285 271 1360 dine
295 1289 485 1382 quotidiana
517 1310 650 1367 omnem
676 1293 743 1362 viri
768 1292 874 1363 vitam
906 1293 1039 1384 penitus
1072 1313 1257 1386 cognove-

190 1391 309 1482 rimus,
334 1391 512 1463 nohisnon
537 1391 646 1463 solum
663 1389 815 1482 terenda,
841 1391 904 1463 sed
919 1395 1009 1463 omni
1029 1391 1129 1488 leude
1152 1394 1255 1487 digna

192 1513 273 1564 esse
291 1501 465 1587 appareat:
492 1491 582 1564 idem
599 1493 714 1566 hocin
734 1492 953 1589 scriptoribus
977 1492 1050 1565 lieri
1062 1497 1255 1588 negemus?

193 1591 400 1686 Quemquam
416 1614 495 1665 esse
511 1597 546 1664 in
561 1591 628 1666 'illo
644 1595 771 1686 libello,
797 1616 882 1689 quae
898 1593 1019 1666 tollere
1036 1595 1138 1686 velis,
1162 1597 1254 1669 mul-

190 1701 291 1788 taque
316 1713 379 1766 nos
394 1695 521 1786 ingenii
541 1697 640 1768 laude
653 1719 722 1772 non
746 1697 907 1787 carentia,
933 1699 1035 1768 immo
1057 1707 1150 1770 certo
1167 1720 1255 1795 pro-

187 1793 366 1868 babilitatis
391 1799 509 1892 specie
534 1795 737 1872 blandientia
761 1800 938 1871 invenisse
962 1800 1099 1870 minime
1126 1799 1255 1872 infitie-

190 1917 275 1969 mur.
329 1895 425 1982 Ques
450 1899 480 1970 si
498 1902 582 1971 tenti
608 1910 716 1990 erent,
744 1899 906 1994 deinceps
933 1897 1020 1970 locis
1046 1902 1115 1972 suis
1141 1923 1254 1973 enno-

188 2001 345 2070 tevimus.
397 1997 463 2070 Ubi
483 2009 593 2074 tamen
615 2001 791 2074 nobiscum
810 1998 1014 2089 dissidebat.
1034 2000 1123 2093 quod
1148 2023 1255 2096 saepe

187 2099 415 2190 redarguendi
440 2101 596 2176 molestia
621 2112 739 2176 contra
760 2123 890 2174 morem
912 2107 1063 2172 nostrum
1086 2122 1254 2195 superse-

189 2200 336 2273 dendum
366 2223 445 2274 esse
471 2203 687 2295 duxerimus,
720 2205 834 2276 mirari
860 2200 942 2274 noli.
1002 2200 1087 2273 Nam
1114 2205 1169 2294 qui
1194 2204 1253 2274 in-

187 2311 292 2378 venta
318 2325 392 2394 sua,
417 2307 495 2378 sive
517 2327 603 2380 vore
628 2314 718 2397 suut,
743 2308 819 2376 sive
842 2302 940 2394 falsa
963 2303 1170 2394 argumentis
1185 2325 1255 2376 nc·-

188 2407 277 2508 getis
301 2413 468 2499 tamquam
494 2405 633 2480 decreta
665 2409 853 2479 certissimo
878 2426 948 2478 non
972 2425 1040 2476 uno
1062 2404 1140 2476 loco
1166 2427 1254 2500 pro-

187 2509 334 2599 nuntiat,
372 2516 407 2579 et
436 2513 634 2582 auctoritate
665 2511 777 2605 potius
809 2529 871 2580 sue
910 2504 1131 2600 qualicunque
1160 2505 1254 2579 litem

167 2607 401 2704 praecidere,
428 2632 525 2704 quam
553 2613 656 2683 certis
671 2608 857 2682 rationibus
882 2607 1115 2679 demonstrare
1132 2629 1254 2681 verum

190 2717 343 2801 conatus,
370 2708 560 2783 adversarii
576 2715 777 2785 sententium
803 2709 955 2783 breviter
971 2717 1008 2779 ut
1023 2710 1169 2803 ineptam
1184 2731 1255 2780 no-

187 2817 281 2882 tasse
304 2814 386 2883 setis
413 2811 504 2883 ducit
524 2811 587 2904 (ei.
614 2813 657 2886 ud
683 2811 736 2888 El.
748 2810 778 2901 l,
795 2808 855 2904 13,
874 2805 909 2884 8.
936 2809 965 2900 l,
979 2806 1017 2898 9,
1031 2805 1092 2882 33.
1112 2808 1175 2900 lll,
1194 2808 1254 2900 15,

188 2911 284 3003 el),
310 2915 353 3004 is,
379 2913 605 3001 mehercules,
631 2913 718 3009 apud
744 2913 927 3007 prudentes
953 2921 987 2984 et
1004 2910 1177 2984 modestos
1193 2934 1255 2982 re·

80 3095 82 3102 ,
187 3010 359 3088 iulationis
384 3015 514 3088 honore
542 3015 699 3109 indignus
724 3015 892 3086 videatur.
912 3055 963 3068 -
1013 3013 1067 3085 De
1094 3012 1252 3084 librorum

187 3135 268 3187 mss.
295 3120 405 3210 pretio
432 3126 467 3188 et
480 3122 698 3209 cognatione,
723 3118 758 3187 in
784 3117 903 3208 quibus
918 3111 1163 3208 percensendis
1180 3118 1254 3192 eius

188 3215 433 3290 dissertationis
444 3241 573 3290 summe
597 3226 766 3307 versatur,
792 3237 891 3309 quum
907 3213 1060 3310 plurimis
1072 3210 1169 3285 locis
1184 3232 1254 3283 no-

188 3315 343 3416 bis-cum
361 3319 419 3391 illo
446 3321 708 3410 convenience
734 3326 829 3413 perte
857 3338 922 3409 qua
947 3335 967 3386 a
992 3311 1091 3388 nobis
1117 3313 1255 3385 discre-

186 3427 257 3515 pal,
283 3429 359 3492 uter
371 3429 521 3493 nostrum
533 3442 652 3494 verum
664 3419 801 3509 viderit,
818 3417 938 3489 collata
953 3413 1069 3486 nostro
1084 3414 1254 3506 (Quaestt

188 3521 290 3616 Prop.
312 3520 372 3593 lll.
399 3543 429 3594 c.
456 3521 511 3611 5.)
545 3521 700 3614 illiusque
734 3519 1039 3605 commentatione,
1078 3513 1255 3588 doctorum

189 3625 254 3694 erit
279 3626 470 3696 aestimare.
523 3623 576 3695 De
593 3623 704 3694 multis
718 3621 816 3706 locis,
841 3619 950 3693 veluti
976 3617 1018 3688 de
1034 3616 1253 3709 Groningano

188 3723 287 3812 libro,
314 3724 411 3796 aliter
437 3746 514 3794 eum
540 3723 759 3795 iudicaturum
774 3721 880 3794 luisse
898 3723 1070 3806 existimo,
1094 3721 1125 3791 si
1146 3721 1180 3790 iu
1204 3725 1255 3788 tot

189 3823 468 3919 depravationem
501 3828 668 3918 originem
702 3832 736 3895 et
763 3843 1011 3906 cumensem,
1047 3819 1182 3914 deque
1211 3815 1261 3888 ed

189 3924 242 3998 El.
259 3925 320 4015 lll,
336 3925 373 4018 7,
390 3927 450 3997 22.
478 3923 594 4016 111,8,
611 3925 667 3996 11.
693 3921 884 4016 111‚9,36.
910 3921 971 4011 lll,
995 3919 1055 4010 15,
1070 3917 1105 3994 3.
1139 3917 1201 4008 IV,
1216 3919 1254 4007 4,

189 4021 251 4100 78.
276 4026 433 4118 diximus,
459 4029 540 4100 satis
567 4029 713 4098 animum
743 4024 956 4098 advertisset.
1016 4019 1256 4094 Mentelionum

188 4149 275 4203 vero
309 4129 465 4204 codicem
481 4182 485 4193 .
499 4131 576 4222 quic
608 4137 688 4222 post
711 4127 887 4198 Heinsium
922 4133 957 4195 et
983 4120 1257 4214 Oudendorpium

188 4229 301 4304 denuo
328 4238 494 4303 excutere
518 4228 629 4304 lleilio
656 4230 808 4323 contigit,
834 4247 896 4301 eos
921 4225 1040 4316 locos,
1064 4221 1189 4318 ,qubus
1216 4219 1259 4292 ab
