2812 4918
230 347 310 434 m
474 286 519 476 ι.
560 345 995 438 θοιιιοοοίοτῑιείιιΡοορ.

230 517 383 586 vellere
409 518 580 586 stuttuuu
607 519 730 600 Tprin
755 537 816 582 non
839 517 972 602 petitur,
1001 535 1061 601 quo
1088 525 1174 582 ooth
1193 519 1252 584 iu
1272 525 1302 584 et

230 605 381 671 uedtouts
405 606 517 670 uuriue
537 605 609 670 ient
638 604 831 686 significetur.
873 605 1019 670 Seorre
1046 605 1140 684 igitu
1166 605 1225 670 erit
1244 603 1301 672 tli-

230 689 366 758 tidere
386 689 438 754 filu
462 689 587 756 oouiosr
609 698 639 756 et
661 689 951 768 tisert'uiuure,
975 698 1008 754 nt
1029 691 1087 754 iurr
1107 691 1145 754 iu
1167 689 1300 758 rudior

229 776 345 844 molti
372 784 404 842 ot
423 779 455 840 in
475 775 626 840 subteueu
648 777 783 841 adhiberi
804 777 927 858 possint
969 773 1044 840 nau
1068 775 1247 840 dividere
1272 788 1300 844 et

229 877 369 927 tooure
402 863 480 926 eliso
507 879 626 946 quoque
646 863 740 928 terhe
767 853 951 944 συνώνυμα.
993 861 1058 926 Cio.
1078 863 1173 928 tout.
1191 861 1224 937 1,
1247 868 1302 930 27.

229 947 356 1028 Quintil.
374 947 446 1012 lost.
467 947 534 1024 tv,
553 950 583 1014 5.
611 947 743 1032 Interpp.
763 947 804 1011 ed
823 947 897 1010 Hor.
915 947 973 1030 Ep.
993 947 1019 1024 Ι,
1042 953 1095 1026 10,
1114 953 1169 1014 tt.
1192 948 1303 1030 Sati,

232 1033 284 1111 10,
301 1035 350 1100 tt
371 1034 468 1099 Tnbit.
484 1033 554 1098 ΧΠ.
575 1052 626 1117 up.
648 1033 725 1098 dett.
741 1031 811 1110 XX,
827 1037 858 1114 l,
875 1036 927 1100 40
946 1033 1067 1114 0ιίοο
1084 1033 1136 1112 tn,
1151 1037 1246 1110 084.
1259 1073 1301 1086 -

229 1117 294 1188 lut
320 1137 393 1186 tero
421 1121 458 1184 de
486 1135 560 1184 tote
588 1118 752 1200 gladios
779 1129 945 1202 suspeotutu
976 1121 1151 1204 exemplaris
1176 1119 1302 1187 Puoisui

230 1204 318 1270 iiden
340 1213 457 1270 secutos
477 1223 497 1268 r
514 1205 617 1288 probis
635 1205 721 1270 libris
735 1205 897 1270 euenisse
916 1223 971 1270 uos
987 1209 1128 1290 poenitet,
1146 1215 1302 1290 postqum

177 1285 183 1300 “
230 1291 310 1356 linui
336 1291 435 1354 toouru
461 1309 501 1356 ox
527 1292 606 1354 notis
635 1291 770 1356 Broukdrt
790 1289 943 1356 mordetis
972 1310 993 1355 r
1018 1293 1131 1358 Bouhio
1161 1293 1198 1372 (t
1222 1293 1246 1356 l.
1271 1314 1301 1378 p.

231 1379 323 1457 tot.)
343 1377 490 1459 prolutuu
511 1377 698 1442 eontuliuus.
740 1377 796 1441 ilio
815 1377 892 1442 enirn
912 1377 1009 1442 ttuutu
1029 1387 1103 1444 teste
1123 1381 1161 1456 (s.
1176 1398 1206 1444 t.
1218 1396 1302 1458 gru·

230 1461 414 1542 sititudu)
433 1463 465 1525 iu
485 1461 604 1528 domu.
618 1463 684 1528 vlt.
705 1461 779 1528 lineo
800 1463 946 1528 tutent:
964 1463 1139 1542 „lieduonnt
1156 1461 1303 1530 debilis

230 1547 392 1630 gladios
420 1547 472 1612 filo
498 1547 701 1628 gracilem-‘⁶
742 1549 924 1632 Quomquuu
952 1551 985 1614 iu
1011 1567 1049 1614 eo
1068 1551 1161 1616 Boon.
1182 1568 1302 1634 quoque

230 1633 356 1710 tollitur,
376 1633 457 1716 quod
478 1633 639 1712 gladios
664 1635 883 1698 nuuimnouis
907 1637 1125 1700 iustruueutuu
1146 1655 1213 1702 esse
1234 1654 1303 1701 osu·

232 1729 290 1786 set.
331 1719 406 1784 ttau
427 1717 600 1799 gladium
621 1719 653 1781 iu
672 1737 764 1803 opere
783 1721 911 1785 textrino
932 1739 1088 1800 euruesse,
1106 1742 1194 1805 quoru
1216 1742 1303 1806 spu-

231 1808 335 1870 tdrur
357 1805 465 1868 Senot.
484 1805 582 1888 Epist.
603 1809 656 1882 00,
678 1811 731 1872 20.
753 1806 898 1890 appellnt,
918 1807 991 1870 sutis
1011 1815 1135 1886 oonsut,
1156 1810 1302 1892 siquiden

231 1892 308 1956 ulios
329 1909 448 1972 quoque
470 1893 645 1973 spothnnt
664 1909 720 1975 pro
742 1891 883 1974 gladio
904 1893 994 1974 vulgo
1015 1895 1076 1956 inor
1094 1893 1220 1960 tuteut
1239 1897 1301 1960 illio

434 1975 723 2130 00,00
742 1975 842 2132 0,,
1224 2001 1302 2136 ut

329 2082 362 2126 ss
423 2107 433 2125 ο
502 2083 567 2126 ml·
621 2082 637 2128 θ
671 2107 680 2128 o
736 2107 742 2120 ·
838 2105 847 2126 ο
912 2105 920 2124 ο
1032 2085 1076 2130 ⁸8·
1196 2086 1217 2129 8
1237 2089 1248 2130 l

229 2149 343 2215 Pertiu.
362 2149 443 2216 vm.
459 2167 489 2232 p.
504 2151 578 2215 545.
597 2081 838 2232 rupioupduret
859 2081 912 2214 tt?
932 2169 962 2232 p.
984 2153 1058 2216 tet.
1077 2169 1143 2232 sqq.
1160 2087 1302 2233 pruine,

231 2235 285 2317 qui
305 2243 397 2300 toturn
426 2235 504 2298 huno
527 2235 564 2298 de
585 2232 715 2298 louiicio
741 2233 838 2297 loouur
872 2233 1007 2298 dontius
1027 2254 1082 2300 sur
1103 2237 1305 2306 obscuriorem

230 2321 331 2396 ettuu,
351 2339 439 2401 quotu
454 2337 510 2402 per
529 2340 562 2382 se
583 2329 656 2397 erat,
678 2321 821 2383 ieoerout.
863 2317 957 2383 Uuuut
972 2329 1054 2386 certe
1068 2322 1143 2386 ioue
1159 2322 1195 2386 de
1217 2343 1302 2406 spu-

230 2407 297 2474 titr
324 2405 559 2487 disquisitionem
582 2414 652 2488 post
682 2405 821 2469 Gessneri
855 2423 973 2469 errores
1005 2415 1085 2470 reete
1117 2408 1303 2490 expetivisse

231 2491 434 2560 Schneideros
464 2491 582 2558 ridetur
614 2493 647 2555 iu
673 2491 776 2556 ludios
803 2490 926 2574 Soriptt.
953 2489 991 2556 tt
1018 2491 1057 2556 ii.
1091 2511 1119 2556 s.
1151 2511 1197 2574 n,
1223 2497 1303 2562 uude

230 2579 407 2660 upottnu
427 2576 507 2660 opud
529 2579 634 2642 Seueo.
662 2575 728 2642 tt
750 2595 807 2660 pro
836 2577 947 2642 tedio
973 2577 1098 2660 postuu
1120 2597 1187 2644 esse
1207 2601 1304 2666 uppu-

231 2665 319 2742 renio,
339 2681 398 2746 qoo
419 2663 451 2726 in
472 2663 653 2746 simpliciore
673 2681 764 2746 opere
786 2665 860 2744 (uon
881 2679 920 2727 es
942 2683 1030 2746 qunur
1051 2664 1136 2730 orio
1156 2665 1231 2731 Met
1251 2669 1304 2748 vt,

229 2753 287 2816 04.
311 2749 453 2814 describit
479 2749 560 2814 telo
582 2747 728 2832 iuguli)
761 2767 820 2813 nor
847 2749 934 2813 uodo
955 2751 1183 2814 uwouittereut
1203 2754 1304 2818 subte-

229 2833 528 3000 ss’utittet
555 2833 1304 3002 :imttt‘totittztti”tt‘itttit

613 2965 624 2986 ⁶
1044 2969 1054 3000 t

230 3006 361 3088 gladii
391 3007 429 3071 ob
459 3006 555 3071 Ennio
582 3006 605 3071 1.
633 3009 709 3074 Let
737 3024 792 3071 cur
817 3005 959 3070 deduci
986 3008 1131 3072 dicuntur.
1172 3009 1249 3074 Nau
1269 3013 1302 3075 iu

231 3094 518 3158 oururiuutione
538 3110 577 3157 ne
595 3094 684 3159 iilis
706 3093 824 3174 quiden
842 3091 878 3170 (i.
893 3109 919 3160 e.
939 3101 1044 3160 torto
1065 3095 1197 3174 stamini)
1218 3096 1304 3162 lorus

230 3195 298 3241 esse
324 3188 432 3261 potest.
489 3179 624 3246 Geteruur
655 3179 798 3244 Berosldi
833 3188 864 3244 et
895 3179 999 3244 Pontii
1030 3183 1306 3264 interpretationem

230 3264 327 3328 toiers
343 3265 556 3348 praetermitto.

331 3367 360 3416 t.
382 3355 435 3418 30.
466 3350 583 3416 milio.
609 3349 661 3414 Sio
682 3350 753 3414 libri
780 3368 852 3414 mss.
877 3357 969 3414 recte.
1012 3349 1057 3415 Gi.
1080 3353 1155 3416 euim
1176 3351 1302 3420 Ciedon.

231 3447 353 3510 gramm
386 3437 681 3518 pleninitudo.
724 3436 839 3502 Deinde
870 3453 987 3518 equus
1016 3456 1037 3501 n
1062 3439 1158 3520 primo
1180 3441 1305 3504 Lucium.

233 3533 272 3580 ex
291 3518 378 3582 libris
397 3523 560 3586 restitutum
582 3530 636 3599 est,
657 3541 722 3585 oum
742 3523 812 3586 iude
832 3523 1023 3602 sSooligero
1046 3541 1165 3605 eques
1186 3527 1308 3608 legere-

230 3609 289 3664 tur.
331 3603 467 3670 Geterunr
489 3610 668 3692 transposito
694 3609 767 3672 tues
789 3609 850 3686 (rr.
878 3611 930 3672 35.
953 3613 1006 3674 36.
1024 3643 1064 3656 -
1084 3629 1131 3674 tt.
1158 3615 1210 3677 37.
1234 3616 1306 3688 38.)

232 3705 254 3750 o
273 3685 404 3753 Broukh.
431 3691 556 3758 disticho
585 3696 615 3758 in
643 3713 712 3758 suos
740 3693 824 3758 locos
856 3695 955 3758 redire
982 3701 1062 3759 recte
1081 3695 1188 3761 Barth.
1209 3699 1307 3762 iussit

232 3771 310 3835 Nau
337 3791 396 3853 que
421 3788 505 3860 parte
527 3783 643 3846 Araxes
671 3782 756 3856 dost,
781 3773 869 3844 etiem
896 3782 965 3844 virs
991 3797 1064 3846 rote
1091 3781 1195 3847 dooeri
1214 3802 1309 3868 posse

233 3857 423 3936 morosam,
450 3874 554 3930 contro
589 3875 662 3950 quot
694 3867 778 3930 milio
804 3883 897 3948 equus
918 3866 997 3930 sitin
1017 3867 1140 3947 toleret,
1166 3871 1309 3936 etubuts

230 3958 418 4022 nequequam
438 3947 524 4012 disci.

335 4045 364 4089 v.
388 4033 439 4092 37.
466 4033 596 4103 Conon
624 4035 672 4103 rel
698 4037 798 4100 inritis
821 4037 907 4104 oodd.
934 4055 998 4102 curu
1017 4037 1151 4102 Broutt.
1172 4039 1306 4104 soribeu

233 4107 302 4172 dum
323 4110 407 4176 duxi.
452 4114 525 4182 Noto
555 4123 702 4203 quomodo
728 4125 828 4187 Areth.
858 4127 950 4204 rogi
974 4127 1081 4206 possit,
1108 4134 1141 4189 ot
1168 4144 1307 4210 mappam

231 4195 376 4274 oousulot,
398 4216 483 4264 nemo
507 4208 629 4272 evincet.
658 4208 771 4273 contus
791 4210 900 4292 optime
921 4209 1050 4274 Gouor
1069 4209 1106 4272 de
1120 4212 1222 4294 puello
1235 4215 1307 4275 siur-

232 4279 305 4369 ptioi
326 4291 354 4351 et
380 4284 533 4372 inperito,
566 4311 644 4375 quoe
671 4301 728 4360 tou
751 4293 900 4362 difficilem
920 4305 1011 4362 ortem
1032 4297 1219 4380 aggreditur.
1244 4298 1308 4364 οο
