2910 4930
523 395 623 490 Eleg,
643 327 740 483 ll,·⁷.
903 436 907 455 ι
1117 393 1191 474 1oe

112 582 183 647 ulau
204 577 337 644 subdidit
355 577 413 642 illa
433 576 553 658 iares,
576 588 606 643 et
626 577 650 656 1,
674 579 726 655 te,
747 580 816 642 et:
836 573 913 640 llam
932 589 980 638 ma
1000 589 1061 638 nom
1078 569 1190 635 ullae

112 677 257 754 poterunt
282 683 474 748 eorrumpere
495 665 650 743 taedae,
680 666 732 728 ubi
752 662 811 728 oid.
834 669 989 727 comment.
1038 657 1126 738 Quod
1146 659 1189 719 si·

113 757 186 820 mila
213 755 387 836 ceteroquin
415 754 598 832 nodesimum
627 759 656 816 et
677 752 716 815 ab
737 751 871 813 ommibus
899 747 995 832 poetis
1016 753 1191 828 usurpatum

114 845 144 906 si
174 841 317 923 exemplis
346 839 417 902 eliis
445 839 585 919 indigere
607 840 655 902 oui
682 838 836 916 rideatur,
863 836 1082 900 Lachmannuru
1100 829 1192 896 adeat

115 927 159 994 ad
179 930 210 992 b.
232 928 255 990 l.
712 949 713 954 κ

221 1031 250 1077 r.
277 1015 309 1077 9.
336 1013 410 1074 Aut
452 1009 524 1072 libri
549 1011 654 1092 scripti
681 1009 720 1074 ad
747 1027 835 1074 unum
871 1025 982 1071 omues.
1025 1000 1059 1070 ln
1086 1003 1191 1068 laeobi

116 1099 260 1177 editione,
279 1097 365 1161 nulla
383 1097 527 1160 librorum
549 1096 751 1178 discrepantia
772 1103 914 1160 annotata
934 1111 1047 1169 eume,
1067 1091 1191 1155 noum

115 1189 283 1262 inuentum,
315 1199 474 1266 operarum
494 1182 687 1257 oredooitio
709 1184 844 1248 obtinuit.
884 1181 1001 1248 Etenim
1027 1181 1086 1242 iam
1114 1175 1190 1241 lini*

116 1273 200 1337 noel.
221 1289 305 1334 suum
325 1271 484 1353 Propertio
506 1271 643 1334 restituit.
1160 1283 1168 1306 ·

220 1377 250 1422 r.
266 1360 316 1422 ll.
339 1362 501 1420 eameret
520 1357 599 1420 tibi
621 1355 788 1437 Cynthia
807 1371 959 1420 somnos
979 1352 1108 1417 diota
1129 1349 1191 1414 Pro

119 1445 289 1526 Gputbia
309 1443 525 1527 Neapolitanus
554 1461 618 1506 enm
646 1451 728 1506 seete
745 1461 801 1507 sua
821 1443 943 1519 tibia,
970 1438 1051 1524 quod
1073 1447 1102 1502 et
1120 1453 1192 1520 pro-

118 1542 188 1615 pter
216 1533 365 1610 ingratum
393 1547 495 1594 sonum
528 1535 556 1591 et
582 1531 654 1612 quia
677 1531 765 1610 origo
794 1529 908 1594 erroris
936 1527 1092 1590 manifesta
1119 1531 1194 1600 erat,

118 1619 326 1682 Laebuaunus
360 1617 426 1680 iure
462 1616 585 1697 respuit.
616 1615 767 1680 laoeret
796 1615 835 1678 de
869 1615 1041 1678 eomieetura
1075 1609 1193 1674 Heiusii

119 1705 255 1769 Bronlb.
276 1705 402 1788 reoepit.¹
443 1701 549 1767 Multo
565 1709 661 1766 autem
683 1701 863 1782 languidius,
887 1701 1012 1782 „quales
1035 1703 1195 1762 eaueret

119 1800 144 1856 t.
167 1791 338 1864 oantms“‚
367 1789 549 1863 Arameii,
576 1789 607 1850 ni
630 1788 738 1864 lallor,
761 1797 973 1864 commentum,
993 1784 1073 1868 quod
1094 1793 1194 1849 tamen

120 1870 193 1952 πὺξ
211 1870 268 1937 καὶ
287 1868 353 1952 λὰξ
379 1871 481 1938 Aetius
510 1873 643 1938 defendit
670 1875 756 1938 Obse.
774 1891 803 1956 p.
827 1875 868 1939 Pb
885 1892 948 1955 sp,
977 1879 1194 1936 assentatorem

119 1962 310 2027 Kniuoelium
332 1972 445 2026 nactus.
488 1963 527 2024 dt
546 1962 655 2044 optime
676 1961 735 2022 iam
756 1961 930 2025 seutentiam
945 1959 1106 2023 illustrarit
1119 1955 1195 2018 Sea·

6 2055 7 2060 ’
118 2049 217 2130 liger,
244 2049 375 2130 wamiis
403 2049 434 2110 in
462 2047 588 2127 singulis
614 2048 735 2118 renibus
764 2047 878 2111 trustra
906 2045 1069 2110 offendens.
1119 2042 1196 2105 llam
1294 2107 1297 2118 ¹

121 2135 273 2216 qualis,
305 2131 386 2216 qood
413 2141 560 2215 tamquam
586 2131 778 2197 aBerualdo
805 2135 951 2196 inreotom
978 2130 1067 2198 ualde
1088 2129 1195 2191 absur-

121 2221 191 2284 dum
213 2230 324 2296 oenset,
343 2219 421 2283 idem
444 2239 509 2284 esse
532 2217 612 2302 quod
632 2220 785 2301 quales,
813 2221 835 2282 i.
860 2237 887 2284 a.
910 2218 1109 2282 auersatirum
1128 2213 1197 2295 plu-

120 2307 236 2382 ralem,
260 2305 493 2390 praetervidime
522 2323 587 2368 enm
616 2307 743 2368 mireris.
795 2303 906 2370 Cetera
926 2305 1091 2369 rectissime
1113 2305 1196 2363 sunt:

123 2393 265 2474 „Tibiam
285 2391 429 2473 iutelligit
442 2393 602 2474 nuptialem
626 2409 686 2472 qua
706 2409 813 2455 noram
830 2401 949 2474 nuptam
962 2390 1062 2454 mariti
1080 2387 1198 2452 domum

124 2476 327 2556 deducebant,
347 2487 445 2544 noeto.
488 2477 573 2540 Tune
593 2479 670 2542 emim
690 2475 892 2541 deducebatur
913 2488 1021 2560 nupta,
1050 2492 1116 2540 oum
1137 2472 1199 2536 iam

123 2566 271 2630 eonenbia
292 2582 353 2628 nox
374 2572 463 2644 esset,
505 2564 611 2646 ltaque
634 2562 708 2628 dioit
730 2555 979 2650 εἰρωνικῶς.
995 2579 1060 2628 enm
1072 2579 1139 2624 mea
1158 2558 1199 2622 ti-

122 2653 177 2717 bia
199 2651 353 2715 indueeret
377 2651 431 2716 tibi
453 2667 581 2714 somnos.
624 2650 744 2732 Atqui
772 2658 908 2714 eontra
934 2649 1007 2715 solt.
1055 2647 1102 2712 Ea
1122 2645 1199 2710 tibia

124 2740 203 2802 euim
223 2738 283 2821 ipsi
303 2737 403 2820 potius
420 2737 574 2813 adimeret,
603 2751 669 2800 eom
691 2734 809 2816 audiret
826 2753 923 2800 norae
941 2743 1052 2819 nuptae
1073 2732 1200 2798 amioum

122 2825 313 2908 Propertium
333 2825 393 2887 sibi
413 2823 592 2887 ademtum.“
642 2822 744 2901 Quare
764 2841 803 2886 me
818 2811 968 2886 dusebkii
990 2821 1108 2904 quidem
1127 2835 1200 2882 eou-

122 2913 270 2975 ieetnram
289 2926 346 2993 pro
365 2910 529 3012 (lpntbia
541 2939 556 2956 ·
569 2906 696 2989 Lydia
715 2909 853 2990 legentis,
872 2909 943 2990 quia
965 2926 1029 2972 eum
1049 2905 1200 2970 modulum

125 2988 330 3076 (Οὐλύμπου
362 3001 482 3077 νυμον)
516 2994 776 3058 lamentationibus
810 2991 1061 3058 accommodatum
1096 2989 1201 3073 impri-

125 3085 183 3148 mis
206 3083 299 3146 ioisee
320 3092 437 3147 ueteres
459 3081 582 3146 tradant
608 3080 660 3157 (el.
682 3083 813 3164 interpp.
836 3078 875 3143 ad
903 3079 1009 3164 Euripo
1037 3077 1101 3160 lpb.
1129 3075 1200 3142 dni.

125 3171 232 3249 bib),
253 3168 389 3251 equidem
410 3169 573 3245 admittam,
592 3175 622 3231 et
640 3168 726 3230 nimis
750 3185 814 3231 eum
838 3184 895 3248 ego
918 3185 983 3229 enm
1004 3163 1202 3229 llemster·
1315 3200 1319 3218 .

124 3257 242 3322 bosio
263 3255 450 3320 fastidiosum
473 3273 539 3318 esse
562 3271 681 3330 censeo,
700 3255 746 3317 emi
761 3253 916 3330 distichon,
938 3253 1029 3335 quale
1049 3253 1080 3316 iu
1095 3249 1202 3314 ordine

127 3343 331 3419 exhibuimus,
358 3359 419 3404 non
447 3343 588 3424 sapiat.
643 3341 712 3418 „Tu
735 3351 896 3405 eaneret
916 3339 1094 3422 praegnanti
1117 3345 1203 3419 pote-

127 3439 207 3494 state
227 3445 311 3510 oape,
333 3427 506 3492 oauendo
529 3429 685 3492 taoeret
705 3436 735 3491 et
756 3427 1013 3503 eoneilieret,
1041 3425 1125 3490 euius
1148 3441 1203 3502 ge-

126 3517 211 3581 neris
239 3516 438 3598 exemplorum
464 3515 571 3595 iugens
598 3513 677 3597 apud
705 3515 860 3596 utriusque
888 3513 1011 3594 linguae
1039 3511 1203 3593 suriptorea

127 3611 177 3666 est
196 3601 315 3684 eopia.“
356 3603 438 3664 liaeo
465 3601 713 3665 llemsterbusins.
748 3601 794 3664 De
816 3601 985 3670 accusativo
1010 3615 1046 3662 eo
1076 3596 1203 3662 diximus

127 3687 169 3752 ad
189 3687 238 3753 El.
261 3687 300 3766 ΙΙ,
324 3689 354 3764 1,
373 3693 404 3753 9.
427 3687 465 3762 11,
487 3691 539 3766 2⁰,
561 3691 591 3752 8.
635 3686 809 3750 Sinillimus
830 3693 928 3752 tamen
946 3684 1016 3749 buia
1035 3685 1104 3749 loeo
1117 3685 1204 3764 virg.

125 3775 195 3840 Eoi.
216 3774 268 3850 tv,
283 3777 337 3838 46.
358 3773 409 3838 nbi
432 3773 470 3836 de
490 3775 566 3837 lusis
582 3773 758 3838 Parcarum:
787 3773 862 3838 telie
889 3771 1025 3836 saeclo
1055 3773 1204 3836 ourrite

125 3861 152 3924 i.
171 3877 198 3925 e.
221 3859 370 3924 currendo
393 3860 512 3926 elfiuite.
557 3860 627 3924 Tib.
648 3859 700 3936 lv,
715 3865 743 3936 l,
757 3861 828 3925 dt:
850 3860 1071 3924 Decurrere
1091 3859 1204 3923 saeclo.

126 3949 205 4012 Aen.
227 3947 253 4024 1,
278 3951 368 4017 ltu:
400 3965 545 4032 rapere
576 3947 764 4012 ilammam
786 3947 807 4011 i.
831 3964 858 4011 e.
880 3945 1025 4029 rapiendo
1053 3946 1102 4010 rel
1124 3943 1206 4008 eele-

125 4035 206 4098 riter
225 4033 371 4099 movendo
397 4035 561 4098 etiioere
583 4035 784 4099 flammam.
810 4031 886 4098 ibid.
906 4034 946 4110 11,
968 4037 1059 4099 bill:
1086 4033 1207 4115 eripere

125 4119 243 4204 iugem.
292 4121 468 4200 Quintilian.
486 4119 555 4198 xil,
578 4124 628 4196 to,
658 4123 724 4185 38.:
752 4121 911 4186 verborum
939 4119 1089 4201 gratie,
1118 4135 1207 4201 quam

125 4207 161 4270 iu
181 4209 256 4292 ipsis
276 4225 350 4270 mou
371 4207 567 4286 babemus,
598 4209 779 4272 extrinsecos
800 4206 1018 4294 condienda
1034 4216 1103 4281 'est;
1132 4207 1154 4270 i.
1177 4222 1205 4270 e.

126 4293 397 4362 e'ondimentit
426 4293 570 4360 adhibitis
599 4294 875 4360 eilieieieuda.
904 4291 991 4360 Orid.
1015 4293 1108 4358 Trist.
1129 4293 1154 4369 1,
1179 4295 1208 4370 l,

128 4383 223 4458 loa:
254 4381 454 4466 evigilare
479 4363 623 4448 tinr‘os.
656 4381 767 4448 Noster
787 4381 841 4463 111,
863 4386 915 4460 22,
937 4379 1007 4446 bb:
1043 4395 1209 4446 curuare
