2912 4920
274 367 353 450 322
605 363 866 436 Commentarius
893 368 928 436 in
947 367 1045 456 Prop.

378 560 407 608 r.
421 541 474 608 ct.
493 539 692 606 lliunulei.
711 539 777 606 llsc
791 541 943 624 scaligeri
955 543 1139 621 coniectore,
1168 561 1252 626 quen
1271 541 1332 608 dun

275 629 404 694 meliore
430 627 630 710 probarentur
653 629 684 689 in
706 628 841 692 ordinem
861 631 980 710 recepi,
1014 631 1132 711 penitus
1152 639 1246 694 tenen
1263 633 1332 694 buno

275 715 374 780 locunt
401 725 590 798 personatum
619 731 686 776 cese
713 732 802 795 nego.
853 717 1060 779 (inuenerint
1087 716 1159 780 libri
1184 718 1333 800 scriptino

274 803 395 876 ducunt,
416 811 448 864 nt
468 801 498 863 io
519 801 726 875 vetustissimo,
754 799 831 864 nude
850 802 1002 877 duruerint,
1035 803 1198 884 exemplari
1225 805 1335 884 Atque

275 888 405 956 hinuli
427 887 527 950 luerit.
577 885 664 963 Quod
693 887 743 967 qni
765 905 803 948 ex
830 885 1015 950 hinnulei
1042 906 1062 948 ιι
1083 889 1216 950 librariis
1237 889 1335 952 lecton

277 993 345 1040 esee
367 974 523 1048 existimet,
549 973 622 1038 setis
643 989 740 1054 prone
762 971 880 1054 quidem
910 983 941 1034 ut
962 975 1087 1054 priunum
1106 974 1279 1056 adspicienti
1297 975 1336 1038 ri·

274 1060 384 1125 deenr
405 1060 593 1122 coniectore:
617 1059 664 1120 bic
685 1076 744 1121 nnn
765 1057 853 1121 nudo
877 1069 1046 1140 corruptum
1065 1077 1242 1124 conunnen
1262 1061 1335 1123 illnn

274 1148 399 1223 iontem,
420 1143 473 1208 scd
496 1146 585 1208 etium
606 1163 626 1206 ι
647 1143 815 1208 renidentis
833 1145 1045 1226 interpoletnnt
1069 1163 1134 1209 esse
1156 1157 1273 1211 censent
1290 1165 1336 1210 ne·

276 1249 360 1298 cesse
383 1239 438 1296 est.
491 1227 578 1308 Quod
601 1247 700 1294 cuneo
730 1249 804 1313 qnos
827 1229 864 1294 dc
886 1229 974 1294 codd.
996 1248 1064 1294 uss.
1084 1231 1235 1313 Propertii
1257 1249 1337 1314 erpo·

274 1321 386 1384 enimus
408 1318 542 1381 rationes
570 1325 679 1380 retent.
722 1315 887 1380 Praetereo
908 1318 959 1398 qni
981 1335 1084 1380 errore
1112 1318 1167 1382 illo
1188 1320 1336 1394 leuissimo,

276 1404 412 1470 rintodo
434 1404 615 1478 subternot,
643 1420 703 1483 qno
732 1403 859 1465 hinuli
880 1421 935 1484 pro
958 1404 1134 1468 hinnulei
1162 1416 1336 1480 exureretur,

275 1509 393 1576 pessum
415 1489 480 1552 duri
502 1499 624 1551 metrum
645 1491 777 1564 sentiret,
798 1489 847 1552 hio
867 1490 1004 1570 prolecto
1028 1491 1211 1554 tritissimum
1223 1491 1336 1554 noninis

275 1579 401 1642 iernen
429 1575 641 1639 hinnuleut
667 1576 809 1656 ignorare
835 1591 894 1637 uon
924 1584 1058 1656 poterut:
1084 1585 1113 1640 et
1142 1578 1262 1642 lucilius
1282 1583 1338 1640 erut

274 1665 390 1728 inserte
411 1683 429 1724 e
448 1679 565 1750 versun
587 1662 756 1737 estendere,
778 1679 864 1743 quern
883 1661 1017 1744 prurire
1030 1663 1246 1726 coniunctione.
1285 1662 1339 1725 ltu·

273 1767 335 1832 quc
361 1755 413 1813 eunt
437 1748 591 1811 hinulos
618 1749 656 1810 iis
684 1747 783 1810 uerbis
810 1747 1059 1811 ednnnuernndunn
1090 1757 1150 1824 est,
1179 1751 1213 1812 iu
1242 1749 1337 1832 quibus

273 1837 377 1900 littero
398 1835 585 1897 centunculis
604 1850 659 1916 pro
673 1832 769 1896 lubitu
792 1851 810 1895 ι
831 1836 928 1915 poetis
947 1834 995 1896 uel
1014 1833 1141 1898 iteretur
1159 1837 1211 1899 rel
1224 1836 1338 1916 simplex

274 1923 395 2005 ponitur
420 1919 473 1995 (de
496 1921 603 2001 quibus
624 1920 663 1981 el.
685 1920 717 1982 G.
736 1919 911 1982 Schneider.
933 1919 971 1982 dc
990 1918 1085 1982 Elem.
1098 1921 1135 1984 L.
1150 1920 1187 1986 L.
1206 1940 1235 2004 p.
1250 1923 1338 1994 tob),

274 2019 328 2072 eut
348 2007 410 2070 eliu
432 2006 520 2068 etiem
547 2005 693 2067 medicine
713 2007 897 2086 quaerendo.
940 2006 1003 2068 Nec
1024 2015 1121 2068 tennen
1143 2006 1339 2088 prorsusnibi

274 2095 421 2176 probetur
438 2091 598 2154 Burmanni
620 2101 695 2173 petr.
713 2091 876 2167 inventurn,
908 2089 986 2174 qnod
1010 2091 1143 2171 qnnunris
1166 2093 1206 2156 ed
1234 2095 1339 2157 littere·

274 2197 340 2243 nutu
358 2177 462 2241 doetus
478 2177 667 2240 verisimilior
688 2177 842 2242 uidentur:
864 2184 896 2242 ιι
916 2177 1069 2258 elegantia
1085 2178 1176 2259 longe
1188 2179 1268 2244 cedit
1278 2195 1340 2243 con·

274 2266 408 2330 iecturec
429 2263 591 2339 Scnligeri.

376 2367 405 2412 ι.
428 2354 479 2413 37.
507 2350 633 2413 lentes
660 2347 733 2412 libri
765 2347 899 2433 nelioris
927 2359 1017 2413 uotoe
1044 2365 1160 2430 ¹cunnus.
1206 2350 1341 2416 Italorun

272 2455 334 2504 non
350 2435 508 2516 inelegans
529 2437 692 2498 inuentum:
713 2435 843 2499 luetee
865 2451 1009 2500 consensu
1026 2454 1122 2517 poene
1140 2435 1285 2501 editornn
1297 2453 1340 2498 re·

274 2535 400 2627 neptuno.
443 2521 575 2585 Alterum
604 2533 701 2586 tumen
732 2531 762 2584 et
784 2521 897 2584 doctius
923 2533 953 2586 ιι
973 2523 1000 2585 si
1022 2523 1092 2603 qnid
1114 2523 1204 2586 uiden
1225 2540 1340 2606 γραφι·

275 2627 429 2694 xnncpon.
480 2607 594 2672 Nuture
621 2609 697 2670 enirn
718 2609 804 2690 pinos
825 2608 1020 2690 pendentibus
1048 2609 1140 2671 neuris
1170 2611 1341 2693 conspicuus

271 2695 314 2760 ed
334 2695 486 2759 neritetenn
507 2695 633 2774 egregie
650 2710 687 2756 eo
711 2695 854 2757 attributo
877 2695 1071 2769 describitur3
1099 2695 1187 2758 modo
1211 2713 1249 2758 ne
1269 2693 1341 2758 obli·

273 2783 417 2855 uisceris,
445 2783 603 2843 unrbrse
632 2798 652 2841 e
681 2781 776 2862 puetis
806 2781 895 2862 plene
922 2797 978 2861 pro
1008 2781 1125 2843 uernis
1154 2781 1340 2844 umbrosis

274 2867 344 2931 dici.
396 2865 443 2931 (il.
469 2864 507 2927 cd
536 2864 586 2928 El.
604 2865 629 2940 1,
654 2870 703 2941 18,
726 2871 777 2928 nt.
804 2865 873 2930 odd.
899 2867 935 2943 Q.
954 2865 989 2930 Ρ.
1012 2865 1049 2940 ΙΙ,
1071 2870 1102 2930 6.
1131 2885 1156 2930 s.
1179 2868 1220 2931 Il.
1245 2867 1272 2952 ς.
1294 2869 1340 2928 tt.

273 2973 304 3036 p.
329 2957 401 3018 144.
419 2951 523 3015 lotus
546 2950 688 3014 Berocldi
709 2959 899 3014 conuentu!
914 2953 1102 3014 Lecbruenno
1122 2953 1341 3036 praeplccuisse

273 3039 378 3102 unicurt
410 3047 465 3102 ιιι.
516 3037 611 3101 Ninnis
640 3040 716 3101 enirn
743 3037 871 3116 uulgare
892 3047 938 3104 ent
957 3039 1118 3120 epitheton,
1149 3057 1249 3122 neqne
1269 3035 1340 3101 uude

272 3126 342 3190 hino
362 3124 481 3189 librarii
499 3121 538 3185 ed
559 3123 733 3186 difficiliore
753 3124 971 3199 eberrorerint,
992 3127 1065 3187 sutis
1087 3135 1246 3206 eppureut

375 3228 404 3275 ι.
427 3213 479 3274 38.
502 3210 644 3274 lueret.
668 3211 714 3274 lle
735 3209 1037 3292 plusquamperlecto,
1058 3209 1138 3292 qnod
1160 3212 1286 3286 uidetur,
1305 3207 1341 3272 ol.

272 3315 376 3361 noun.
398 3295 437 3358 nd
458 3295 483 3372 1,
505 3299 555 3368 ll,
574 3301 624 3360 29.
668 3295 808 3359 Geterunn
827 3307 865 3359 ne
885 3297 1095 3378 interpretibus
1114 3295 1222 3373 erede,
1251 3313 1341 3380 poe-

272 3401 352 3446 nent
373 3381 421 3445 hic
442 3399 499 3464 pro
520 3380 681 3444 crimine
698 3381 805 3444 dictu·
823 3399 900 3446 esse.
943 3383 1012 3459 Qun
1031 3382 1280 3465 interpretatione
1299 3381 1341 3442 in·

271 3469 377 3532 initiui
412 3485 495 3530 uenut
526 3467 703 3530 insolentior
733 3469 824 3550 positi
854 3467 1041 3548 explicuisse·
1067 3469 1124 3530 eibi
1158 3469 1341 3534 uidebuntur.

271 3553 327 3618 liet
345 3555 443 3636 potins
464 3555 645 3616 constructio
669 3549 755 3615 κατὰ
776 3547 906 3617 σύνεσιν
926 3554 1016 3629 tectu,
1045 3571 1110 3618 cnnn
1132 3570 1259 3634 poene
1276 3567 1340 3616 nnn

272 3651 336 3703 est
357 3639 434 3702 iden
455 3638 611 3720 significet,
630 3638 710 3720 pund
733 3639 841 3706 lieet.
884 3639 959 3704 Vide
981 3641 1069 3717 enirn,
1090 3659 1168 3722 pune
1189 3641 1228 3704 de
1242 3655 1339 3719 eope·

271 3743 345 3790 nere
367 3725 579 3806 disputeuimns
602 3727 638 3802 Q.
657 3726 690 3788 P.
712 3725 752 3800 11,
771 3728 803 3790 c.
822 3745 854 3807 p.
880 3728 951 3796 157,

374 3829 402 3875 ι.
426 3813 476 3876 39.
495 3811 829 3893 Cornigcrntque
850 3810 924 3874 dei.
945 3809 1088 3876 Beronld.
1110 3819 1142 3874 ut
1160 3813 1285 3886 uidetur,
1306 3805 1339 3871 dc

272 3897 459 3960 coniectore:
489 3897 685 3977 Corniger
712 3907 829 3980 etque
850 3897 930 3972 ide,
958 3899 979 3959 i.
1003 3917 1030 3960 e.
1053 3897 1153 3961 ldee.
1196 3900 1273 3962 ilinc
1294 3896 1340 3958 de·
1412 3949 1413 3952 ,

272 4001 350 4046 ntum
368 3982 505 4060 Volscus,
533 3982 726 4064 Corniger
744 3982 871 4060 ldcei,
903 3983 982 4064 quod
1004 4002 1098 4063 usque
1120 3981 1158 4046 nd
1180 3985 1339 4047 Lecbnon·

272 4087 341 4132 nunu
359 4069 505 4134 editiones
525 4070 660 4133 obtinuit.
711 4069 768 4132 ldie
790 4069 898 4150 reponi
917 4070 1015 4132 insuit:
1043 4068 1077 4133 G.
1103 4071 1221 4149 inque
1251 4067 1338 4130 dieu.

273 4153 360 4232 Quod
380 4155 519 4218 betiuuru
545 4171 606 4217 uon
628 4163 681 4218 eut.
735 4153 809 4217 Ncun
827 4172 967 4237 prnepns.
987 4156 1041 4229 in,
1071 4174 1128 4218 ιιιιι
1155 4153 1338 4217 dnetrnbutnue

272 4243 303 4304 ui
323 4239 455 4322 punitur,
472 4255 538 4302 cnm
559 4241 670 4321 plurnli
684 4241 766 4304 uocis
789 4240 872 4304 dies
893 4251 961 4323 post
981 4239 1147 4320 eugendi
1168 4251 1282 4304 ιιιιιιιι
1296 4233 1339 4302 ιιι

273 4325 474 4390 crescendi
495 4325 588 4392 uerbo
606 4327 750 4407 iungitur.
788 4327 823 4393 G·
838 4326 1022 4392 Hermanno
1033 4330 1063 4390 in
1078 4344 1203 4392 centurn
1217 4328 1337 4394 Obserr.
