2870 4922
461 401 464 410 ·
557 363 659 457 Eleg.
672 365 698 449 1,
719 370 751 435 8.
1057 371 1060 380 “
1142 369 1196 446 29

129 541 280 622 telligitur.
320 539 426 620 tuqus
453 540 639 622 ingeniosam
666 543 780 604 Heiusii
803 543 1019 618 coniecturam,
1045 561 1122 625 quse
1144 545 1196 612 rix

130 630 246 694 metatio
270 625 396 690 dicenda
419 637 479 702 est,
501 631 659 704 corbeius,
688 640 718 692 ot
737 631 834 704 aiunt,
863 628 1094 710 amplectendam
1124 647 1195 693 eerr-

131 734 188 778 seo.
230 713 391 775 Disiuuctis
411 715 486 778 euim
508 717 576 784 (uec
599 718 663 776 siue
680 716 858 794 codicibus),
880 733 957 796 quse
979 718 1054 778 mele
1076 719 1106 777 iu
1127 716 1196 797 piu·

131 802 207 866 rimis
229 800 317 860 libris
342 801 550 876 cohaeserant,
577 803 691 864 uerbis:
717 803 783 864 sub
814 801 944 864 sidere
974 803 1107 884 scripsit;
1137 819 1193 884 pro

133 888 220 952 tuiis
243 903 316 948 uero
339 885 433 966 (quod
458 887 637 968 insequentis
662 889 742 948 roris
770 888 871 952 littere
896 891 991 967 prima
1018 890 1127 952 iterata
1148 889 1195 952 ie·

134 974 235 1036 oillime
266 972 349 1033 nasci
376 973 485 1052 potuit)
515 973 588 1035 reli
617 975 754 1036 restituit.
804 975 855 1036 Sic
881 975 1099 1055 promptissimo
1128 993 1196 1038 seo-

136 1060 219 1124 teutie
242 1075 298 1132 ea,
320 1076 407 1137 quem
428 1059 513 1120 unice
534 1059 747 1122 desideramus.
789 1059 892 1142 Neque
924 1079 999 1122 nuuc
1026 1062 1062 1123 de
1084 1061 1194 1123 sideri·

136 1147 200 1220 irs,
220 1161 300 1225 quse
324 1143 429 1205 faeiem
444 1146 521 1206 coeli
552 1156 716 1228 temperant
742 1155 903 1226 rectosque
917 1154 1041 1226 regunt,
1064 1157 1095 1210 ut
1117 1145 1197 1228 opud

137 1231 247 1303 doctos,
270 1229 425 1291 dicendum
449 1247 531 1293 reor·
573 1231 640 1312 ipse
665 1243 753 1312 poete
770 1232 933 1309 Vergilias,
956 1243 986 1295 ut
1008 1245 1196 1296 morerentur

135 1327 245 1380 usutoru
270 1318 406 1396 proxime
429 1319 469 1388 (s.
492 1315 554 1390 10.)
577 1327 714 1398 precatus
737 1327 790 1380 est.
834 1318 1003 1380 iiocsoium
1027 1319 1123 1394 addo,
1145 1321 1199 1381 si·

138 1403 198 1466 dus
219 1419 314 1483 saepe
337 1419 394 1465 uou
416 1403 508 1482 mugio
530 1413 626 1465 certas
652 1404 755 1468 stelias
784 1403 861 1479 dici,
889 1423 975 1485 quam
1003 1407 1071 1485 ipsa
1091 1405 1199 1485 coeii

138 1498 318 1551 momenta
341 1497 370 1550 et
390 1488 606 1552 vicissitudines
628 1491 707 1550 sumi.
757 1490 861 1569 ltaque
883 1492 979 1552 Tacit.
1000 1494 1075 1553 Asu.
1100 1491 1124 1566 1,
1149 1495 1199 1556 10.

140 1577 263 1638 sidere
290 1575 533 1654 oequiaootii
555 1584 717 1638 tumescere
733 1579 857 1638 mraxime
880 1578 1029 1640 Oceanum
1053 1577 1140 1652 dicit,
1170 1586 1200 1640 et

138 1661 308 1741 Propertius
338 1662 494 1724 brumae
524 1670 671 1743 tempus
702 1661 901 1744 duplicari
936 1662 1013 1738 mult,
1046 1682 1083 1726 me
1116 1663 1200 1726 serui

139 1745 1036 1915 51115115.1111111111.1111151115
1072 1747 1199 1898 pugg.

626 1877 636 1908 ‚
1039 1881 1046 1898 ,
1112 1881 1120 1898 ,
1185 1865 1201 1882 .

141 1919 262 1982 scrihere
284 1933 347 1980 eum
369 1919 495 1982 Groeuio
524 1936 598 2000 opus
631 1930 689 2000 est3
717 1921 820 1996 immo,
847 1922 906 1982 misi
933 1921 1089 1984 suieret
1111 1922 1200 1984 etiem

144 2006 251 2068 motoris
277 2004 557 2080 incurreremus
580 2004 651 2067 licet
673 2004 799 2086 quidem.
850 2007 895 2069 De
916 2009 1100 2088 proprietate
1123 2008 1199 2070 euim

142 2093 278 2154 sermonis
300 2091 507 2172 Propertiurri,
525 2109 602 2172 quoe
623 2104 691 2171 post
715 2090 946 2154 coniunctionem
969 2111 1075 2172 quum
1096 2093 1126 2156 iu
1150 2093 1204 2158 de-

139 2177 282 2256 sigusudo
304 2187 435 2258 tempore
463 2179 561 2239 iurrrro
588 2178 773 2241 indicativum
800 2180 931 2258 flagitet,
959 2179 1083 2240 diximus
1106 2179 1141 2256 Q.
1163 2178 1200 2242 P.

139 2261 173 2338 11,
199 2267 227 2327 6.
257 2281 290 2344 p.
319 2267 388 2326 118.
438 2264 483 2328 Ne
512 2265 577 2344 quis
607 2275 701 2326 sutem
730 2267 851 2326 miretur
880 2265 943 2324 teti
974 2266 1040 2328 sub
1070 2265 1201 2328 sidere

138 2367 204 2409 oum
223 2348 293 2412 uui
299 2360 403 2424 eret,
421 2367 476 2430 pro
499 2367 572 2430 quo
586 2383 629 2394 -
642 2351 775 2424 auferet,
797 2350 967 2412 Ciceronem
989 2351 1126 2414 consulat
1145 2351 1202 2432 Ep.

138 2439 191 2500 Ati
206 2435 259 2510 111,
286 2439 329 2498 t.r
371 2437 521 2498 Utinam
545 2436 621 2499 diem
643 2437 752 2499 ilium
772 2436 934 2512 uideam,
957 2455 1034 2499 eum
1056 2439 1110 2498 tibi
1130 2455 1204 2514 gru·
1278 2439 1286 2464 ¹

141 2523 194 2586 tiss
215 2539 316 2598 egem.
359 2521 404 2584 Gi.
427 2523 556 2602 Krttger.
577 2521 626 2584 Gr.
649 2523 684 2586 L.
707 2523 735 2608 §-
759 2529 810 2586 26.
839 2533 899 2585 uot.
922 2528 951 2584 2.
977 2523 1003 2606 ᾗ.
1024 2526 1096 2587 580.
1119 2543 1148 2587 u.
1171 2527 1201 2588 s.

140 2637 178 2651 ·-
198 2607 331 2670 Isiuitus
355 2618 452 2670 eutem
473 2619 550 2674 esset
572 2608 673 2681 labor,
697 2625 797 2672 omues
831 2627 906 2689 quas
931 2607 975 2670 his
998 2618 1026 2671 et
1044 2611 1203 2690 insequen-

141 2695 214 2757 tibus
234 2692 373 2756 uersibus
393 2695 490 2756 critici
510 2696 611 2757 turias
634 2704 802 2770 mouerunt,
825 2711 981 2758 recensere
1003 2697 1136 2775 singulus
1157 2705 1204 2758 at·

141 2797 194 2862 que
221 2779 367 2842 reiutare.
419 2779 480 2842 Nos
508 2780 657 2843 leuissima
685 2781 849 2844 Passeratii
876 2782 1035 2844 mutatione
1063 2783 1204 2857 contenti,

143 2876 173 2928 ut
193 2868 266 2929 soris
282 2865 567 2942 reassumimus,
588 2868 767 2948 patietur
791 2885 847 2948 pro
870 2869 1048 2948 patietur
1067 2869 1205 2947 reposui-

144 2969 217 3026 mus,
243 2949 324 3033 quod
353 2951 383 3012 iu
410 2950 602 3031 quibusdem,
634 2969 687 3013 uec
722 2953 819 3015 maleo
845 2962 934 3014 uotae
962 2953 1047 3016 libris
1079 2954 1207 3014 inueniri

142 3039 275 3101 Muretus
303 3045 437 3100 testetur.
490 3035 565 3100 Nam
584 3039 779 3119 potieris,¹
801 3037 880 3117 quod
908 3035 977 3099 iude
1005 3058 1024 3099 u
1052 3039 1204 3101 Beroaido

143 3124 284 3188 editiones
305 3131 519 3204 occupauerat,
545 3132 577 3185 ut
603 3121 774 3192 uatioeod.
796 3141 849 3186 ms.
870 3123 1115 3198 commendatum,
1141 3126 1208 3188 iure

145 3211 255 3291 expulit
273 3210 498 3272 summanum.
546 3207 608 3290 ipsi
629 3209 740 3291 placuit
767 3210 1020 3290 „patieuter.“
1069 3210 1207 3274 Uudsur

145 3307 230 3376 poeta
252 3305 408 3377 precatur,
432 3313 470 3358 ne
492 3297 676 3358 committere
706 3295 794 3370 uelit,
822 3305 855 3358 ut
884 3297 914 3357 iu
942 3296 1043 3358 littore
1073 3295 1209 3360 desertus
1317 3358 1320 3370 ,

144 3381 206 3462 ipse
228 3399 333 3444 mesu
361 3381 454 3463 desp
467 3391 551 3444 ecte
572 3392 601 3444 et
621 3381 753 3444 ludibrio
772 3382 887 3458 habitu,
917 3383 1039 3444 amicam
1059 3383 1209 3446 crudelem

145 3466 256 3530 irustre
283 3477 378 3530 roret
428 3467 494 3544 Qua
526 3468 555 3529 iu
585 3469 832 3550 interpretatione
864 3483 928 3530 cum
959 3467 1084 3548 singuiis
1114 3485 1211 3549 paeuo

146 3555 241 3616 serbis
260 3552 467 3632 dissentientes
488 3551 550 3616 VV.
572 3555 637 3617 BD.
660 3553 793 3629 rideam,
821 3571 880 3632 ege
902 3555 1020 3632 singule
1040 3555 1211 3635 probemus.

145 3637 271 3702 Primum
291 3640 381 3712 euim,
403 3638 482 3718 quod
503 3637 627 3701 uudue
645 3657 764 3702 seusuur
784 3651 814 3702 et
830 3639 1068 3703 voluntatem
1095 3641 1210 3716 tribuit,

147 3741 182 3786 ue
203 3727 330 3806 ineptum
349 3742 414 3787 esse
435 3725 625 3787 Lacimeuuo
648 3727 768 3798 credes,
791 3728 864 3790 satis
893 3725 1021 3802 tortasse
1040 3726 1146 3803 tuerit,
1173 3725 1213 3790 sd

145 3809 227 3874 iocos
246 3812 315 3874 ilios
336 3827 518 3893 prouocare,
540 3829 615 3892 quos
637 3811 674 3889 Q.
688 3811 721 3874 P.
735 3811 774 3885 11,
795 3816 825 3875 6.
843 3828 873 3892 p.
897 3813 968 3876 153.
991 3831 1020 3894 p.
1039 3807 1108 3876 114.
1130 3815 1158 3898 ᾗ.
1179 3816 1213 3877 1.

147 3897 329 3962 contulimus.
374 3895 599 3964 Sedoommode
614 3906 920 3972 srroourruutuersus,
943 3899 994 3977 qui
1018 3899 1048 3960 ia
1062 3899 1212 3980 iuterpre-

147 3983 282 4046 totiouem
305 3983 390 4046 iuius
412 3983 473 4045 loci
500 3983 585 4064 quasi
608 3984 669 4046 neti
699 4001 765 4046 esse
787 3982 923 4047 rideatur
941 3985 995 4062 111,
1017 3987 1047 4062 7,
1070 3987 1123 4049 57.
1145 4001 1213 4067 sqq.

147 4067 198 4131 utri
218 4069 325 4136 Paetus
347 4069 433 4132 simui
455 4086 519 4132 cun
539 4071 634 4134 scutis
657 4069 748 4132 undas
767 4070 921 4152 implorat:

245 4195 280 4247 ot
305 4195 399 4246 aroris.
413 4195 510 4260 Aepoer'
533 4211 599 4263 puer
616 4203 771 4262 susipeces
789 4211 923 4264 sequerer,
952 4193 1067 4261 Verrii,

278 4265 313 4316 Et
330 4277 502 4344 quoecumque
517 4279 601 4320 mecm
618 4265 742 4334 deprecor
759 4267 848 4319 uodo
865 4271 961 4335 ceput,

251 4333 307 4402 ⁰¹⁶⁰
323 4331 430 4401 euporo.
