2910 4930
614 333 714 428 Eleg.
734 333 781 422 ll,
801 339 853 404 18.
1205 343 1277 422 151
1375 279 1377 286 Ι

194 519 268 576 mao
301 507 467 594 reingere:
500 520 741 578 raneroeret
790 507 853 578 Sed
880 510 970 578 aldus
997 509 1104 578 sedare
1138 511 1273 578 morbum

192 599 358 682 llaudurg.
380 597 478 662 docet

296 703 325 751 ι.
347 683 483 764 9.(11.)
511 682 621 747 undis
647 702 759 749 omues.
801 681 970 748 Beroaldus
995 681 1100 748 ulnis
1128 681 1270 748 correxit.

189 769 338 836 Inversa
358 771 492 834 breuiori
512 771 650 856 Scaliger
671 769 885 836 ahirrnctoa
908 771 996 845 coni,
1018 769 1098 854 pund
1118 777 1271 854 receptum

191 859 331 922 certatim
355 865 401 920 est
421 857 459 919 ab
482 855 656 933 editoribus.
701 851 763 922 Sed
784 857 877 920 omnis
896 857 957 920 loci
974 855 1133 920 difficultas
1156 863 1185 920 et
1204 857 1269 918 tru-
1364 902 1368 912 .

191 953 290 1008 strata
305 941 480 1008 emendandi
498 944 636 1026 pericula
655 943 726 1008 inde
749 953 824 1020 orta,
847 942 924 1026 qnod
945 957 1006 1006 nou
1025 942 1063 1008 de
1080 941 1270 1007 redeunte

190 1027 233 1094 ad
253 1032 389 1094 maritum
411 1030 537 1105 Aurora,
564 1027 616 1096 sed
639 1029 676 1094 de
698 1029 927 1096 discedente
949 1046 1114 1094 termonem
1134 1046 1201 1092 esse
1222 1027 1269 1092 iu-

190 1124 340 1197 terpretes
368 1115 637 1198 praeterriderunt.
687 1118 819 1196 Quorum
851 1115 1024 1180 auctoritati
1057 1134 1115 1196 ego
1147 1132 1267 1198 quoque

188 1199 262 1266 loco
291 1201 491 1266 Callimacleo
521 1203 564 1278 (lr.
584 1204 644 1267 lar.
665 1203 784 1270 Pallad.
806 1204 924 1286 dsqrp.)
945 1202 1101 1282 seductus,
1134 1200 1204 1263 olim
1234 1203 1265 1267 ia

189 1287 441 1370 interpretatione
464 1287 640 1354 Germanica
661 1291 749 1354 cessi.
791 1291 832 1354 At
852 1289 961 1354 taleam
987 1307 1057 1356 esse
1085 1305 1151 1354 eam
1169 1287 1265 1350 ratio·

189 1391 258 1438 uem
275 1376 336 1437 iam
352 1373 427 1438 illud
447 1372 544 1452 docet,
576 1371 657 1464 quod
684 1375 722 1440 de
740 1377 880 1442 Aurorae
902 1377 987 1458 equis
1008 1373 1048 1439 ad
1069 1371 1265 1440 Orientem

188 1469 378 1525 resectae
399 1481 547 1544 nunquam
560 1459 640 1545 apud
653 1463 801 1545 andquos,
820 1472 853 1526 ιι
867 1470 1093 1548 consentaneum
1105 1468 1163 1536 est,
1183 1477 1265 1524 men-

188 1547 234 1609 tio
256 1546 298 1610 tit.
341 1545 416 1610 Nam
435 1549 556 1610 Aurora
574 1565 672 1630 neque
693 1545 874 1612 occidentali
894 1549 1014 1614 Oceano
1036 1547 1190 1626 mergitur,
1211 1563 1265 1608 ne·

188 1650 248 1714 pue
269 1631 333 1696 illio
354 1633 476 1698 Tithoni
498 1643 543 1698 est
565 1632 678 1698 domus.
721 1637 761 1699 At
781 1652 819 1697 ue
842 1634 880 1698 de
901 1633 994 1700 Sole
1016 1633 1145 1716 puidam.
1177 1631 1263 1701 llnno
1361 1642 1365 1652 '

186 1719 268 1782 euim
291 1719 393 1800 cymba
420 1721 521 1802 potius
540 1738 596 1804 per
617 1721 766 1786 Oceanum
787 1721 870 1801 reli,
899 1729 933 1784 ut
958 1737 1044 1787 mane
1065 1735 1184 1782 currum
1205 1718 1263 1782 ite·

184 1824 254 1867 rum
275 1804 476 1871 conscendere
487 1815 600 1890 posset,
622 1805 745 1888 antiqua
764 1805 870 1870 iabnln
889 1805 956 1870 luit.
1001 1805 1046 1870 Gi.
1059 1802 1262 1883 Mimnermus,

184 1890 351 1955 Stesichor.
371 1891 423 1956 all
446 1911 495 1975 ap.
518 1895 624 1956 Athen.
644 1891 698 1956 Xl.
720 1911 750 1976 p.
771 1897 846 1958 ato.
869 1893 944 1958 aaa.
964 1888 1096 1956 Branck.
1118 1891 1143 1957 l.
1162 1907 1194 1972 p.
1208 1895 1260 1954 62.

183 1977 281 2056 lleyn.
310 1976 349 2041 ad
376 1977 516 2058 Apollod.
544 1979 581 2054 ll,
609 1979 640 2056 5,
663 1983 715 2044 26.
764 1979 929 2044 Praeterea
960 1979 1080 2042 istaut
1115 1976 1261 2040 sententia

183 2064 338 2146 prodiret,
367 2063 480 2126 duabus
499 2065 679 2128 coniecturis
708 2083 783 2148 opus
814 2075 934 2130 erut-
948 2065 1049 2142 ulnis
1070 2072 1100 2127 et
1121 2063 1260 2126 abiun-

185 2159 280 2213 ctos.
325 2151 364 2214 At
385 2169 502 2232 semper
523 2159 617 2215 restat
638 2153 795 2234 scrupulus
813 2153 844 2214 iu
866 2151 958 2216 uerbo
983 2145 1193 2224 decedens,
1221 2145 1260 2212 ad

183 2235 266 2315 quod
287 2234 447 2300 ellatinum
466 2235 575 2300 coelo
602 2237 683 2317 apud
703 2241 828 2302 animum
850 2238 990 2321 supplere
1011 2237 1043 2301 iu
1063 2237 1122 2300 loc
1142 2243 1261 2300 senten-

181 2323 295 2386 tiorum
315 2339 394 2386 nexu
416 2319 601 2386 durissimum
624 2323 713 2388 iuret.
762 2325 836 2390 Nam
864 2343 928 2388 cum
948 2325 1085 2406 proxima
1105 2321 1145 2386 ait
1166 2337 1259 2384 eon·

181 2407 297 2492 iugis
323 2409 581 2490 commemoratio,
607 2411 754 2475 neminem
779 2411 836 2476 uisi
862 2412 940 2474 huno
957 2409 1087 2492 intelligi
1106 2425 1211 2494 posse,
1239 2425 1260 2471 a

184 2515 247 2578 spuo
266 2503 384 2560 aurora
405 2497 578 2572 decesserit,
597 2507 690 2578 patet.
730 2496 894 2561 Praeterea
906 2497 1093 2579 participium
1115 2510 1259 2576 praesen·

182 2581 224 2644 tis
249 2580 439 2645 decedens
466 2584 622 2666 praeteriti
644 2592 675 2648 et
694 2601 791 2666 paene
810 2583 1091 2666 plusquamperfecti
1109 2581 1177 2645 loco
1198 2577 1259 2642 dici

185 2669 281 2731 omnis
294 2668 442 2731 Latinitas
456 2678 545 2734 uetat.
589 2667 637 2734 'l'u
659 2687 731 2733 uero
753 2671 832 2752 apud
857 2671 985 2734 animum
1007 2668 1087 2749 iuge
1099 2669 1259 2745 Auroram,

184 2753 253 2818 dam
282 2754 453 2830 dilucescit,
491 2755 569 2820 diem
607 2756 691 2818 nimis
720 2766 865 2820 matorum
891 2754 994 2820 redire
1020 2756 1135 2819 frustra
1160 2753 1257 2836 pueri,

184 2839 294 2904 deinde
314 2841 454 2923 amplecti
473 2857 565 2922 saepe
578 2841 656 2903 inter
669 2835 829 2904 discessum
842 2841 1013 2918 Tithonum,
1034 2839 1151 2904 tandem
1162 2855 1257 2920 equos

182 2925 288 2990 lauare
316 2937 348 2991 et
374 2929 517 3006 iungere,
546 2936 636 3006 utque
665 2927 742 2990 adeo
773 2944 935 2992 conscenso
965 2929 1057 2992 etiam
1075 2943 1167 3004 curru
1192 2925 1260 2990 iata

186 3011 261 3076 dora
282 3015 448 3096 increpare.
492 3012 544 3076 Sic
567 3011 722 3079 commoda
749 3022 835 3078 erunt
853 3014 962 3076 omniu.
1011 3012 1116 3094 Neque
1145 3027 1203 3092 ego
1224 3017 1257 3072 ut

179 3117 238 3186 per
258 3101 314 3163 hoa
335 3097 449 3180 gradus
471 3097 685 3179 quodammodo
706 3100 803 3162 oratio
826 3097 1009 3176 ascenderet,
1027 3097 1256 3180 disdclaprae·

180 3194 306 3270 postero
326 3184 547 3268 ordineposita
567 3195 681 3248 mutare
702 3184 845 3251 dubitaui.
895 3187 989 3264 Quam
1009 3185 1103 3250 iacile
1124 3183 1255 3247 euimalo
1317 3223 1322 3232 ·

164 3301 166 3306 ¹
181 3271 293 3336 iisdem
312 3273 436 3336 uocibus
457 3272 633 3354 incipientes
647 3289 751 3334 uersus
771 3294 790 3337 a
803 3271 937 3334 librariis
951 3271 1065 3334 turbari
1079 3269 1255 3355 potueruut!

181 3357 285 3424 Verba
305 3368 401 3422 autem
430 3355 534 3422 lauit
552 3357 757 3422 adiunctos
780 3376 898 3440 equos
926 3376 964 3420 ne
986 3359 1052 3442 puis
1069 3359 1115 3420 uic
1136 3372 1255 3438 quoque

181 3441 327 3508 laborare
349 3445 495 3527 opinetur,
516 3460 599 3506 more
619 3443 818 3528 Propertiauo
837 3463 893 3529 pro
913 3445 987 3508 hoo:
1006 3443 1110 3509 lauit
1129 3451 1165 3506 et
1186 3440 1256 3522 ad-

181 3531 312 3594 iunxit
333 3528 413 3594 diota
432 3531 503 3592 coll.
521 3531 555 3608 Q.
577 3529 611 3594 P.
632 3530 669 3607 ll,
689 3536 721 3595 6.
738 3549 764 3595 s.
778 3531 816 3596 ll.
839 3531 863 3607 §.
882 3535 935 3596 21.
955 3549 985 3612 p.
1001 3535 1074 3595 140.
1095 3529 1255 3608 intelliget.

180 3615 221 3680 lu
245 3616 359 3680 undis
377 3633 461 3702 uero,
481 3615 560 3698 quod
583 3625 664 3680 recte
685 3617 813 3680 lacobus
834 3619 973 3680 intactum
988 3617 1124 3700 reliquit,
1143 3616 1254 3684 Webe-

181 3722 233 3767 rua
259 3702 366 3786 (Corp.
390 3702 477 3767 Poet.
505 3701 590 3782 Lat.)
618 3717 723 3766 crassa
749 3704 889 3768 Minerua
914 3704 1125 3786 interpretatus
1154 3701 1254 3770 eximii

183 3787 301 3872 aliquid
322 3806 431 3870 sapere
451 3787 511 3852 sibi
532 3785 698 3865 ridebatur,
720 3806 785 3852 oum
801 3789 886 3853 illum
904 3788 1033 3854 irrideus
1056 3791 1254 3857 exclamaret:

181 3875 315 3954 Magnus
336 3874 443 3952 lonor,
464 3873 490 3938 si
513 3871 659 3936 decedens
681 3875 768 3938 coelo
790 3877 910 3938 Aurora
923 3876 1048 3958 primum
1069 3879 1253 3950 maritum,

181 3959 292 4024 deiude
321 3979 414 4042 equos
438 3959 519 4024 lauit
562 3959 656 4026 Vides
681 3961 772 4025 sales.
815 3962 858 4025 ln
885 3961 972 4026 undis
1003 3963 1081 4028 enim
1102 3981 1176 4026 ,esse
1205 3961 1253 4024 ad
1379 4021 1383 4031 .

181 4048 288 4126 undas,
308 4045 460 4128 Propertii
484 4047 634 4130 interpres
660 4064 721 4115 non
748 4046 879 4114 debebat
897 4048 1048 4131 ignorare.
1091 4049 1137 4116 ct.
1160 4049 1196 4130 Ω.
1219 4049 1253 4114 Ρ.

182 4129 642 4218 Ε6666ἠμη6

287 4237 316 4284 ι.
339 4221 391 4282 23.
418 4219 564 4284 Dnbimre
589 4217 708 4304 possis,
735 4225 833 4283 utrum
853 4215 892 4284 de
913 4219 1004 4285 laaiei
1025 4239 1065 4286 au
1089 4219 1128 4286 de
1149 4239 1253 4296 comae

53 4393 60 4400 Ι
184 4304 398 4374 medicamento
427 4321 525 4371 sermo
559 4303 610 4372 sit.
656 4303 697 4370 tt
718 4321 749 4372 r.
775 4309 828 4374 26.
857 4307 1058 4392 Belgicam
1085 4309 1256 4376 colorem
