2812 4918
535 355 765 446 uteg.1v,s
969 386 977 410 ι
1107 336 1187 446 453

113 533 177 617 puis
197 531 278 598 lons
295 529 385 597 leret.
426 530 517 596 Usuur
537 531 602 596 sius
619 529 854 616 praepositionis
872 529 1133 618 illustruuiuusQ.
1146 534 1182 602 Ρ.

211 639 242 770 ul!
262 708 315 770 48.
337 703 374 765 in
395 699 596 766 obluctam
617 720 752 766 serens.
796 701 907 768 Cressa
925 703 1065 770 Minurus
1090 706 1185 772 inter·

113 799 282 875 pretuntur:
308 789 341 852 io
371 786 659 856 obductasera.
704 788 767 852 Nec
784 790 889 854 urelius
916 790 1103 868 bissileutl,
1131 791 1183 876 qui

114 877 280 942 rescribere
308 875 366 938 loc
392 875 486 956 ipsun
513 875 615 938 uoluit.
656 873 721 938 lieu
744 875 819 938 enim
841 876 911 955 lege
931 877 1046 957 quidun
1067 877 1183 950 lisera

115 964 230 1028 lucobs.
251 959 358 1026 Floril.
376 978 405 1042 p.
428 964 501 1023 241.
521 961 558 1024 iu
587 969 620 1022 ut
641 959 785 1026 Graecum
808 950 856 1036 εἰς
876 964 1002 1044 positum
1026 965 1185 1042 existimet,

113 1059 144 1114 ut
165 1051 221 1114 sit:
243 1047 369 1110 renutet
388 1062 550 1108 securus
570 1045 616 1110 tie
638 1063 727 1109 sere
742 1046 812 1110 obd.
854 1048 961 1112 Atreo
977 1049 1111 1112 surdus
1126 1059 1185 1114 eet

116 1152 288 1210 securos,
310 1142 340 1195 et
361 1131 443 1194 aliosi
466 1140 604 1194 estnon
627 1130 1012 1214 curerepulse'uteru,
1035 1135 1119 1199 eliud
1141 1134 1186 1200 tle

114 1222 271 1286 loribus
293 1235 366 1281 non
388 1217 605 1282 sollicitum
627 1235 704 1296 esse,
724 1221 809 1299 qnasi
828 1219 882 1282 ille
902 1220 1045 1300 frangere
1061 1239 1114 1284 ees
1132 1239 1187 1286 ro·

112 1307 214 1382 luerit.
263 1303 412 1383 Sngucius
441 1304 490 1366 lie
515 1304 675 1368 Burnuuu.
705 1306 911 1381 estesse,
932 1307 1037 1381 uiuit,
1063 1304 1187 1370 ebdu-

118 1395 213 1458 ctero
236 1390 394 1470 legendum
416 1398 526 1466 censet,
546 1398 579 1453 ιιι
599 1389 797 1469 sinusque
818 1390 862 1453 ud
884 1409 994 1455 nure.
1039 1393 1186 1458 Gouleure

114 1480 214 1561 ¹possis
238 1476 324 1540 Ouid.
341 1477 460 1538 Amorr.
478 1474 501 1552 l,
516 1479 546 1551 6,
561 1479 629 1538 ‘leia
649 1472 836 1557 Tempora
852 1479 979 1540 noctis
1001 1488 1106 1542 eunt:
1128 1495 1187 1542 ex·

118 1575 205 1628 oute
224 1570 337 1640 poste
357 1579 493 1624 serant.
541 1562 582 1625 At
601 1577 705 1624 uerunt
724 1563 784 1625 iun
806 1559 914 1626 dudunt
935 1562 959 1625 1.
981 1564 1032 1628 Fr.
1056 1563 1186 1628 Gronou.

115 1648 278 1733 perspexit,
301 1647 351 1729 pul
378 1646 475 1710 Diatr.
503 1647 579 1710 Stet.
602 1663 629 1710 o.
650 1650 703 1712 bl.
724 1665 754 1728 p.
778 1650 852 1712 386.
878 1647 1132 1725 „inclinatos
1147 1651 1187 1712 iu

117 1753 214 1800 seren
235 1731 411 1796 obductsm“
431 1733 653 1814 interpretetur.
693 1732 868 1812 Prueguens
889 1742 935 1796 eet
954 1735 1187 1816 praepositionis

118 1840 206 1896 usus,
233 1818 270 1882 tle
293 1837 351 1900 que
374 1817 433 1882 uiti.
455 1835 558 1882 comm.
581 1817 619 1881 etl
640 1816 688 1882 El.
709 1819 747 1893 11,
766 1824 798 1895 9,
821 1823 871 1885 tu.
894 1820 992 1884 lucum
1013 1821 1188 1885 eBroulrlr.

117 1925 177 1972 nou
198 1905 303 1968 melius
324 1904 512 1986 explicatum.
554 1902 630 1966 Aut.
652 1903 692 1978 11,
714 1909 765 1980 17,
785 1909 815 1968 ti.
837 1905 874 1983 Q.
894 1905 929 1970 Ρ.
950 1905 990 1986 11,
1014 1911 1045 1970 6.
1067 1911 1187 1989 polii.

115 1992 250 2073 Egregie
269 2000 366 2054 sutem
387 1991 445 2052 lec
466 2006 524 2052 uno
543 1989 690 2052 secubulu
710 1989 827 2054 inbitur
848 1991 979 2056 outonis
1000 1993 1137 2056 nictuutis
1159 1999 1191 2057 et

117 2080 148 2143 iu
168 2080 251 2144 iores
268 2078 376 2142 ssosirr
397 2093 498 2138 sonno
520 2075 655 2140 inclinati
675 2073 865 2140 describitur.
907 2077 1009 2156 bingis
1031 2079 1120 2142 etiuur
1135 2093 1189 2142 us·
1236 2139 1239 2144 ,

114 2183 179 2240 suut
201 2163 472 2244 interpretationem
489 2163 603 2236 sentiet,
635 2160 686 2242 qui
707 2178 830 2224 serens
849 2178 909 2225 nun
936 2163 1112 2242 clostellum,
1133 2161 1188 2228 sed

114 2251 263 2315 treberi
284 2247 378 2313 reluis
401 2248 547 2344 obiectepu
568 2263 635 2312 esse
662 2247 837 2332 meminerit.
855 2247 924 2317 tiu.
950 2249 1078 2316 Becker.
1108 2249 1188 2316 Geli.
1243 2248 1244 2251 ’

116 2337 155 2403 Τ.
174 2336 212 2400 11.
234 2353 264 2417 p.
288 2337 351 2398 255
364 2351 431 2414 sqq.

220 2439 248 2484 u.
271 2425 325 2484 50.
346 2437 416 2482 esc
442 2419 514 2482 libri
534 2435 644 2482 unua.
685 2417 808 2484 Lusius.
826 2415 924 2482 elicto
944 2416 1102 2482 licentiore
1129 2434 1190 2488 ne·

120 2507 346 2588 prescribere
376 2506 471 2567 iussit.
525 2503 564 2568 Et
586 2502 623 2566 tls
643 2503 773 2584 Virgilio
803 2502 932 2586 puden,
959 2502 1038 2568 unde
1063 2503 1191 2566 nerine

113 2592 238 2657 holm.
266 2607 362 2670 neque
386 2591 498 2652 iniuria
533 2598 709 2668 argumente
737 2608 791 2652 sue
811 2591 937 2672 repetit,
964 2590 1008 2653 itu
1027 2587 1190 2668 diligenter

115 2697 180 2742 neu
203 2677 267 2756 egil
285 2677 455 2756 nguerus
475 2673 529 2752 (T.
550 2675 602 2740 tv.
624 2691 687 2740 exo.
708 2674 831 2738 XXXII.
853 2693 884 2756 p.
904 2675 1006 2753 urb),
1033 2683 1067 2737 ιιι
1094 2691 1189 2754 queu-

115 2774 176 2830 tun
204 2761 244 2825 etl
273 2781 335 2826 reru
364 2770 494 2823 nostran
515 2761 672 2842 pertineat,
693 2759 762 2824 binc
790 2761 863 2823 sutis
883 2759 1021 2824 silenus
1038 2760 1114 2822 lese
1136 2777 1190 2822 ex·

115 2850 275 2931 scripsisse
302 2852 347 2930 (p.
368 2848 477 2926 5133:
506 2845 606 2920 „Nec
624 2879 666 2894 —
687 2847 739 2908 ubi
765 2847 982 2950 praecesserit,
1010 2853 1041 2908 et
1061 2846 1190 2926 repetite

118 2936 240 3038 oppetis
262 2934 320 2997 rinr
341 2933 431 2995 lebet
453 2931 560 2996 Graeci
583 2917 659 2994 οὔτε
681 2967 719 2980 -
744 2921 821 2996 ouius
838 2933 887 2996 uel
908 2925 967 2994 καὶ
985 2963 1027 2976 -
1047 2917 1125 2993 oties
1145 2965 1187 2980 -

116 3029 446 3098 cinereusentensum
459 3029 514 3096 est,
534 3034 602 3081 nee
623 3019 746 3100 sequi,
766 3033 825 3080 uon
838 3033 972 3100 neque,
988 3032 1086 3097 puae
1107 3016 1190 3098 pui-

118 3108 198 3171 slenr
218 3107 362 3190 regule
383 3103 703 3168 constantissime
724 3108 890 3169 serretur.“
937 3102 976 3166 lit
995 3099 1101 3166 sedulo
1122 3117 1189 3166 esur

119 3195 309 3258 obseruutaur
329 3189 418 3256 rislee
439 3208 458 3251 u
477 3189 648 3272 Propertio,
670 3199 702 3254 ut
722 3189 761 3266 ll,
782 3195 814 3266 4,
832 3195 881 3255 9.:
909 3189 1024 3271 Quippe
1045 3187 1096 3251 ubi
1117 3201 1189 3252 neo

118 3296 228 3344 census
256 3293 325 3341 nec
354 3285 475 3359 opertos
497 3277 643 3339 cerninus
669 3278 756 3340 ictus.
795 3275 984 3352 Aoo.11,9,
1006 3277 1058 3339 13.
1077 3271 1117 3352 11,
1139 3274 1191 3352 le,

118 3369 174 3430 lib.
217 3363 331 3430 Contra
355 3379 427 3427 uero
456 3380 604 3443 uunquam
628 3364 822 3426 commissuri.
871 3362 1033 3426 Praeterea
1060 3363 1087 3423 si
1115 3377 1190 3440 quus

117 3467 240 3518 normes
260 3449 373 3514 inillis
395 3449 550 3530 particulis
571 3449 661 3528 Prop.
684 3449 743 3512 sibi
762 3449 925 3529 scripserit,
945 3465 1084 3528 quaeres,
1108 3445 1189 3510 Nes·

114 3537 281 3622 politanum
308 3537 434 3600 nexisse
452 3542 566 3597 secutus
586 3535 710 3616 primum
729 3535 787 3597 boc
807 3535 898 3597 lneile
919 3533 1085 3606 obserueui,
1117 3545 1190 3596 uso

115 3632 201 3690 emto
222 3624 406 3704 frequentius
425 3623 554 3702 positum
573 3637 639 3684 esse
658 3638 745 3702 quen
766 3636 897 3700 neque,
926 3629 1036 3701 quanto
1054 3617 1189 3700 pluribus

119 3707 306 3800 ilpctplorum
342 3708 461 3772 sedibus
492 3705 648 3770 commode
677 3707 725 3770 uit.
789 3703 863 3768 Nero
896 3723 1072 3768 uersuuur
1109 3713 1192 3767 certe

118 3812 311 3870 mensure,
329 3794 497 3876 ubicunque
519 3810 643 3873 neque
664 3789 883 3856 loconulrabere
900 3800 1008 3872 petest,
1027 3789 1092 3854 illic
1104 3791 1192 3852 elisur

119 3897 191 3946 uec
217 3879 352 3944 admittit
395 3879 507 3943 Goutre
534 3878 661 3942 minime.
701 3877 778 3942 lluic
799 3876 1019 3953 eurneccedst,
1044 3884 1076 3940 ιιι
1097 3878 1193 3959 perti·

119 3967 195 4030 cula
215 3965 422 4030 iterationibus
440 3965 531 4028 ueluti
545 3972 727 4042 consuete,
746 3962 825 4027 ultro
847 3964 879 4025 iu
900 3965 963 4025 eins
977 3963 1092 4043 laurus
1109 3977 1193 4022 usuru

119 4046 227 4128 cedet,
241 4071 318 4135 poue
337 4053 416 4114 iuter
436 4043 589 4131 σχήματα
610 3984 730 4124 {effecte
752 4049 877 4112 omniunt
891 4049 1131 4132 frequentissime
1147 4055 1193 4110 est

118 4139 293 4220 Propertio,
324 4127 499 4222 ἀναφορὰν
521 4135 606 4198 dico:
634 4137 741 4215 ingene
763 4137 819 4198 bos
840 4136 992 4219 utriusque
1009 4135 1123 4198 numeri
1145 4131 1191 4194 eli·

118 4227 250 4290 scrineo
266 4232 364 4288 notun
386 4231 441 4298 est,
461 4232 494 4286 ut
515 4226 678 4303 „neque“
698 4221 826 4301 vigies
846 4221 1053 4303 quinquies
1074 4217 1192 4282 oncino

118 4311 301 4392 inuenietur,
321 4309 431 4392 „uec“
452 4309 604 4376 senties
625 4308 820 4391 nonagies
839 4309 990 4457 ιοιιδοοι.ΙΙ
1015 4305 1112 4371 liuius
1139 4320 1194 4368 en·
