2762 4902
533 257 631 349 areg.
655 258 710 343 tv,
731 263 782 330 ιι.
1115 264 1191 341 boo
1291 248 1293 256 ’

224 451 252 496 r.
277 433 326 494 ΙΙ.
349 428 402 494 En
431 447 519 508 occu,
547 443 580 496 ut
596 433 787 498 iortisaimnm
816 445 847 500 et
867 433 949 498 unde
966 435 1187 515 discrepantiae

120 513 212 580 codol.
248 519 357 597 optime
385 516 586 594 declarentur,
625 539 642 584 e
672 521 760 584 Gron.
795 539 860 584 oum
883 523 1073 584 baclumnnco
1109 521 1187 584 reci-

121 601 378 766 piptugcknzgd.
406 604 499 667 coni:
530 605 721 670 Cornelia
743 643 784 653 -
805 608 948 690 lpnurn,
977 625 1006 689 q.
1026 605 1055 668 d.
1078 623 1108 687 q.
1127 607 1185 669 la·

225 793 252 838 r.
268 775 539 838 tabani-atae
558 785 704 840 noctea.
726 776 883 842 Santonica
898 777 1099 856 infelices,
1118 775 1185 838 tri·
1281 801 1282 804 ¹

121 865 205 922 ater
241 861 459 941 interpretatur.
522 863 562 924 At
595 879 654 924 non
682 881 781 926 omnen
816 882 864 926 rea
901 865 1036 928 tristes
1071 863 1186 943 pariter

122 943 318 1010 damnatas
340 945 439 1007 dicere
459 944 540 1009 licet.
590 948 694 1030 ltaque
723 959 855 1013 noctes
878 948 1088 1021 damnatae,
1116 946 1185 1009 da·
1299 973 1305 986 ·

118 1042 330 1094 innatorum
350 1033 487 1095 tenebras
507 1033 697 1116 interpretor,
718 1035 814 1115 liguura
827 1036 975 1118 Propertii
993 1035 1117 1096 maxime
1136 1031 1183 1095 ia·

119 1116 242 1191 miliari,
265 1119 300 1180 de
323 1139 381 1200 qua
399 1117 459 1180 uid.
483 1118 519 1193 Q.
542 1119 575 1181 P.
597 1121 636 1194 ΙΙ,
657 1125 685 1184 6.
708 1138 738 1201 p.
763 1125 833 1186 tta.
990 1137 991 1144 ’
1160 1179 1165 1192 .

87 1214 90 1218 “
220 1222 249 1267 r.
275 1203 516 1286 lb.implicnt
543 1206 642 1267 unda
671 1205 799 1287 peden.
841 1205 1000 1270 Schrader.
1031 1220 1080 1284 ap.
1100 1203 1183 1285 Kop-

119 1287 211 1368 picra.
239 1307 268 1370 p.
288 1294 376 1364 155„
415 1290 561 1370 probante
588 1292 753 1356 Burmanno
782 1291 820 1354 ad
848 1293 964 1356 Loticb.
992 1291 1028 1366 V,
1051 1293 1100 1364 lb,
1129 1293 1182 1354 ab.

118 1372 207 1437 ulra
227 1376 304 1438 coni.
348 1375 516 1438 Delenderc
544 1380 653 1456 posninr
681 1379 771 1440 simili
797 1379 987 1440 librariorum
1009 1393 1113 1439 errore
1133 1393 1182 1456 op.

118 1459 216 1522 Tacit.
243 1461 361 1525 Annali.
387 1461 417 1534 Ι,
445 1465 496 1525 dl.
533 1480 592 1542 quo
622 1465 752 1527 deloco
784 1463 852 1527 ride
879 1481 956 1545 qnae
993 1479 1085 1542 supra
1119 1477 1182 1522 rcc-

2 1591 5 1630 ,
116 1547 233 1608 coimus
261 1547 300 1608 ad
320 1547 367 1610 El.
389 1547 413 1620 I,
439 1551 488 1619 lt,
512 1551 540 1610 l.
564 1567 591 1629 p.
612 1551 665 1612 52.
706 1551 745 1612 At
771 1549 819 1612 bic
847 1551 899 1613 tali
929 1549 1100 1612 coniectura
1124 1545 1182 1609 dil-

116 1629 233 1694 ficultua
256 1632 400 1694 orationis
420 1642 529 1694 tautum
549 1637 634 1698 abeat
653 1643 685 1697 nt
706 1636 862 1708 minuuntur,
885 1645 918 1698 ut
938 1635 1072 1716 apertior
1093 1633 1182 1695 etiarn
1314 1632 1316 1645 '

2 1784 6 1818 r
116 1715 178 1780 nac
243 1719 317 1782 Nam
346 1719 373 1779 si
402 1715 613 1799 implicare
639 1723 763 1802 propria
789 1721 871 1792 uerbi
898 1721 1049 1783 uoluntate
1074 1718 1181 1780 dictum

116 1802 313 1882 accipiamus,
348 1805 452 1866 iterum
487 1803 572 1884 locun
605 1815 634 1868 et
669 1805 883 1887 quodammodo
918 1824 1035 1868 nonna
1070 1801 1181 1882 agendi
1210 1868 1211 1878 ¹

115 1896 244 1952 mutetur
285 1905 404 1950 cenaene
446 1899 501 1952 est.
563 1889 636 1952 Nam
672 1891 773 1954 endem
806 1892 947 1973 Gyntbia,
982 1907 1059 1972 qnae
1093 1887 1180 1954 modo

115 1973 195 2054 apud
217 1973 312 2036 iornrn
333 1975 476 2036 inieruorn
499 1973 640 2054 loquitur,
667 1996 742 2041 nuno
763 1979 793 2040 ic
813 1980 879 2059 ipra
901 1977 1057 2040 Charoutia
1079 1974 1182 2054 cymba

1 2043 6 2084 ²
114 2061 239 2134 uersari,
267 2070 355 2140 atque
381 2059 456 2122 adeo
484 2061 608 2149 pedibus
636 2080 691 2142 per
713 2062 836 2144 paludes
864 2062 983 2142 ingredi
1010 2061 1179 2140 ingeretur.

115 2145 219 2226 ltaque
241 2163 304 2206 cunt
327 2146 495 2208 Passeratio
519 2147 724 2228 implicare
751 2149 782 2220 in
802 2149 966 2211 uniuersum
988 2145 1179 2226 impedire

113 2230 162 2292 acl
184 2248 366 2294 coercere
389 2249 408 2292 a
431 2231 558 2294 reditu
579 2234 766 2316 interpreter.
809 2235 902 2298 Recte
923 2236 1000 2299 euim
1017 2233 1073 2296 illc
1094 2231 1178 2310 virg.

2 2402 3 2409 ἵ
112 2319 187 2382 ben.
205 2317 255 2394 vt,
274 2321 348 2380 438.
369 2327 537 2398 comparat:

419 2419 539 2483 tristique
554 2419 634 2484 palor
651 2418 802 2470 indomabilia
818 2419 906 2470 nndn

204 2504 207 2516 ·
265 2485 401 2551 dtttput
418 2492 442 2536 et
459 2488 547 2538 cronica
562 2487 631 2553 Styx
646 2488 776 2554 irttersnea
793 2493 892 2542 coercet
909 2516 943 2528 -

2 2571 4 2604 Ι
112 2573 165 2656 qui
186 2591 289 2639 ceraue
311 2569 435 2636 redeunt
449 2571 746 2657 Georgdlddibeq.
760 2606 801 2618 -
815 2575 1012 2655 implicare
1034 2587 1105 2634 uero
1120 2586 1175 2649 pro
1265 2653 1268 2658 ,

2 2664 4 2684 ³
113 2660 288 2739 alligare
310 2656 417 2720 dicitnr
438 2657 492 2718 Sil.
507 2656 652 2729 luat.vl1‚
667 2661 729 2722 613
745 2677 807 2738 aq.:
829 2658 965 2722 Membra
982 2658 1095 2722 afflicta
1108 2655 1174 2718 solt

2 2741 4 2778 ²
113 2763 220 2830 prensa
235 2743 392 2808 uiolentius
412 2743 521 2805 basta
543 2743 739 2824 implicuit
759 2753 867 2807 uersae,

214 2849 242 2894 r.
268 2831 414 2894 te-co.
434 2828 611 2892 uindicet
635 2830 707 2892 libri
730 2849 797 2892 maa.
847 2827 919 2890 Nam
949 2811 1028 2906 qnod
1056 2787 1192 2906 quidam
1218 2861 1223 2874 ·

111 2914 263 2981 indicet
283 2915 401 2988 babent,
425 2915 456 2998 in
479 2925 621 2994 perpetua
646 2915 798 2996 utriusque
819 2913 903 2976 uerbi
927 2914 1099 2975 conluuione
1120 2909 1175 2988 (dc

113 3019 174 3084 quo
199 3001 258 3064 rid.
286 3011 407 3081 praeter
433 2999 565 3062 liroulub.
589 2999 625 3060 ad
645 3003 673 3064 b.
695 3001 717 3064 l.
745 2999 903 3082 Spalding.
930 2997 970 3061 ad
991 2997 1113 3076 Quintil.
1134 2993 1173 3074 ΙΙ,

2 3089 3 3122 ³
113 3093 164 3162 ΙΙ,
186 3091 215 3150 2.
237 3087 384 3150 Drakenb.
407 3083 444 3146 od
466 3086 532 3148 Liu.
551 3085 690 3162 XXXIX,
703 3090 754 3162 dl,
770 3089 815 3160 2.)
835 3086 886 3148 rin
905 3081 1104 3164 discrepantia
1118 3089 1172 3154 eat,
1204 3157 1209 3163 Ι

112 3173 174 3239 Sed
200 3172 347 3251 singulari
374 3169 461 3233 modo
485 3173 729 3252 interpretantur:
754 3171 861 3250 „Pluto
887 3171 957 3232 miii
978 3169 1080 3230 mollia
1106 3167 1173 3228 inra

113 3259 172 3334 det,
204 3269 254 3322 ant
274 3259 299 3320 si
323 3259 410 3319 alium
433 3259 629 3337 quaesitorem
651 3257 776 3334 dederit,
803 3256 913 3319 nullom
935 3271 1002 3336 ego,
1029 3273 1066 3317 no
1086 3269 1171 3316 reue·

110 3347 259 3428 rissimum
276 3342 392 3425 quidem
413 3343 550 3405 indicium
579 3345 734 3420 recusabo,
761 3360 825 3405 cunr
846 3341 894 3406 rel
915 3344 1029 3404 doacus
1050 3357 1096 3402 nro
1118 3339 1171 3400 ab·

111 3433 261 3495 soluturus
278 3433 347 3494 ait.“
373 3429 440 3508 ‚sic
463 3430 526 3490 lere
539 3427 686 3493 Praeerat
709 3429 842 3493 Broulrlu.
861 3427 949 3507 Vulp.
972 3426 1075 3490 Barth.
1097 3423 1171 3486 liul-

111 3518 191 3581 noel.
232 3519 271 3578 ut
292 3516 453 3580 rectissime
475 3513 648 3578 Santonica:
674 3515 734 3595 „ln
761 3533 852 3578 orsa
881 3513 1033 3575 iudicet
1053 3509 1168 3573 Latinio

112 3601 231 3668 auribna
258 3602 419 3665 inauditum
449 3609 509 3684 eat:
538 3601 577 3662 in
604 3617 692 3663 oasa
718 3598 890 3664 uindicet
916 3607 1028 3660 rectum
1050 3593 1169 3685 quidem
1251 3599 1255 3606 '

112 3697 141 3752 et
160 3686 306 3761 Latinum,
324 3685 378 3749 red
400 3685 581 3774 puniendi
603 3687 734 3763 notione,
755 3703 831 3766 quae
852 3701 906 3746 nec
923 3683 991 3746 buic
1014 3681 1092 3756 loco,
1113 3692 1169 3744 nec

110 3771 304 3838 Cornelianne
331 3773 516 3835 innocentiae
544 3775 709 3836 conuenit“
754 3771 830 3834 llinc
853 3771 953 3850 igitur,
984 3767 1090 3850 quibua
1119 3781 1168 3827 aa·

109 3859 175 3922 nius
197 3867 277 3922 esset
304 3855 456 3931 indicium,
486 3861 517 3921 in
545 3859 730 3922 coniecturas
750 3866 872 3920 ruerunt
892 3872 1006 3929 omaro,
1034 3861 1065 3917 at
1085 3851 1168 3934 liop-

108 3943 235 4026 pierniua
251 3941 382 4024 quidem:
403 3943 460 4005 Ma
480 3961 546 4007 mea
566 3945 734 4008 cortitur
756 3942 834 4006 rind.
856 3959 947 4005 cara
965 3941 1075 4022 lapia.
1117 3937 1167 3999 la·

109 4030 216 4095 colona:
245 4029 309 4105 „Ut
331 4047 397 4090 area
419 4031 525 4092 sortita
544 4030 672 4093 vindicet
693 4047 763 4092 osan
781 4029 853 4112 pila.
882 4023 1167 4090 desiderabitur*

76 4191 81 4200 ,
109 4150 148 4164 ·-
169 4116 244 4184 uam
265 4115 349 4197 qnod
363 4115 461 4179 ileins.
482 4117 512 4178 in
533 4115 713 4197 NattPrcp.
733 4123 915 4178 tentaverat:
938 4112 1066 4189 „lanea
1086 4125 1168 4172 eor·

107 4203 218 4268 titan
238 4202 444 4269 riadioetosra
463 4205 619 4284 pyram‘,
635 4203 692 4267 boc
710 4200 800 4266 nibilo
819 4200 885 4283 plur
907 4199 946 4264 ad
961 4193 1169 4264 remorarer·
