2812 4918
227 405 315 500 ΒΜ
555 409 819 482 Commentarios
839 414 874 481 in
898 401 1014 504 Prop'

230 587 345 654 doetnr.
388 585 477 664 Quod
497 587 606 650 lelsnm
627 605 693 651 esse
703 586 820 652 detlrns
836 587 961 654 elamet:
980 587 998 652 'i
1003 585 1185 653 ietilibns
1205 583 1288 658 deit,
1375 617 1376 626 κ

232 675 286 760 qni
305 683 364 737 tum
386 673 445 736 iarn
468 692 610 756 uunquam
630 685 725 737 erant.
774 676 931 758 Opponilio
952 691 1025 740 nero
1048 674 1235 754 argutissima
1250 671 1290 732 in·
1375 669 1376 748 3

232 771 281 828 ter
302 758 518 824 subieetnm
539 771 569 825 et
587 759 859 842 praedicatum
880 762 982 842 (olenti
994 779 1021 826 r.
1034 765 1102 839 27.)
1118 763 1225 823 basone
1237 767 1287 820 est:
1375 823 1376 830 χ

233 847 390 929 'l'emple
414 863 490 909 nune
517 865 555 909 ex
574 849 699 910 materia
717 846 876 929 splendida
897 857 928 911 et
954 865 1028 910 euro
1047 847 1203 920 febriente,
1231 853 1290 906 tune

234 966 277 978 -
300 941 517 996 erererunt.
567 933 756 996 Greseere
776 936 862 1009 euim,
882 933 962 1016 quood
982 941 1196 1006 ueteranos
1216 938 1291 992 erte

235 1019 284 1096 lt,
313 1018 430 1081 dicitnr.
496 1017 653 1101 Templa
677 1019 773 1098 igitur
800 1021 916 1083 niune
949 1019 1148 1099 nudeeqne
1182 1031 1291 1096 rupes

236 1114 323 1170 eruut
344 1104 398 1182 (nl.
420 1123 449 1170 r.
470 1105 530 1180 7.)‚
558 1108 620 1167 nris
638 1121 693 1186 pro
711 1105 794 1167 illius
816 1105 957 1189 temporis
986 1106 1172 1187 simplicitate
1192 1101 1230 1165 de
1249 1116 1292 1162 oe·

236 1193 315 1274 spite
333 1191 434 1256 laetis.
475 1190 588 1253 Eadem
610 1206 733 1272 promus
756 1201 801 1254 est
820 1193 975 1264 sententis,
996 1190 1229 1273 quamproxime
1247 1201 1295 1249 un-

235 1287 298 1342 stro
326 1277 410 1356 virg.
437 1277 511 1338 Aru.
538 1275 619 1349 Vlll,
643 1281 716 1341 347.
744 1275 798 1340 sed
822 1277 1029 1358 amplioribus
1049 1277 1148 1340 serbis
1177 1277 1295 1336 eironm·

236 1363 374 1446 scripsit:
394 1362 469 1424 llino
487 1361 527 1424 ed
550 1362 712 1444 Tarpeiam
731 1363 831 1426 sedem
851 1373 881 1426 et
901 1363 1052 1444 Capitolia
1072 1361 1161 1438 duoit,
1179 1363 1296 1424 Aures

241 1467 350 1524 nuno,
378 1447 469 1511 olim
501 1446 758 1512 siluestribus
789 1450 955 1513 horrida
988 1448 1118 1511 dumis.
1160 1444 1297 1510 Similiter

239 1533 327 1601 Ouid.
347 1531 429 1598 Fest.
450 1534 474 1608 l,
495 1537 585 1598 blm:
612 1537 686 1598 Arx
712 1551 779 1598 mea
806 1534 938 1626 (lpris)
967 1534 1088 1598 oollia
1109 1544 1184 1596 erat.
1225 1527 1296 1594 Add.

239 1618 504 1688 enubilem.
528 1624 600 1684 203.
623 1623 659 1684 A.
680 1623 713 1683 lb
738 1621 763 1696 l,
787 1624 978 1686 lon—107.

340 1723 368 1770 u.
390 1709 421 1770 8.
443 1705 579 1770 Absurde
592 1705 782 1778 Beroaldet
795 1709 945 1770 Pesseret.
965 1723 1041 1787 qnos
1053 1704 1158 1770 deinde
1172 1699 1299 1767 Bronbb.

238 1792 366 1858 Knebel.
394 1791 533 1856 Kulnoel.
556 1802 732 1874 sequnntur,
760 1791 893 1857 Tiberim
921 1793 1040 1872 longius
1064 1803 1132 1856 tnnn
1152 1810 1173 1853 a
1194 1789 1302 1852 ditione

238 1879 496 1946 Romanenloisse
509 1879 751 1959 interpretantur.
779 1881 819 1943 An
838 1889 925 1942 ante
945 1881 1126 1960 Pbrpge'm
1146 1878 1302 1939 Aeneam

241 1983 296 2030 nee
325 1965 441 2040 Rome
465 1974 547 2040 eret,
575 1981 630 2028 neo
657 1983 759 2028 rursus
787 1984 807 2029 e
835 1965 984 2047 Gepitolio
1013 1975 1043 2028 et
1064 1963 1234 2038 Palatio,
1257 1957 1304 2022 ubi

172 2077 178 2086 ·
241 2052 361 2116 bores
383 2067 500 2113 erronee
521 2049 609 2114 modo
625 2050 742 2114 dixerat
755 2051 904 2132 Propere„
921 2051 1041 2130 lougius
1055 2049 1174 2113 Tiberis
1196 2049 1305 2119 eberti,

240 2155 330 2220 quem
351 2145 473 2218 pestes:
495 2137 582 2198 immo
599 2147 723 2218 propter
735 2137 866 2201 Velabra
880 2139 945 2216 (lv,
958 2142 987 2212 2,
1003 2142 1048 2214 7.)
1067 2135 1202 2219 propins‘
1213 2131 1305 2198 etism

241 2223 283 2291 At
301 2241 339 2286 ue
359 2221 432 2304 quid
461 2219 595 2298 dubites,
624 2224 718 2285 omnis
739 2225 883 2288 contrarii
900 2226 945 2288 nin
966 2224 997 2286 in
1018 2223 1159 2286 attributo
1185 2216 1305 2283 bubus

241 2310 342 2392 posits
362 2317 421 2372 est:
443 2309 509 2382 ilie,
530 2309 582 2370 nbi
602 2327 678 2372 nuno
700 2309 762 2372 lori
782 2310 908 2374 Romani
928 2308 1153 2388 magnificentia,
1179 2307 1225 2368 ibi
1241 2313 1306 2366 tout

241 2395 360 2462 boues
380 2393 588 2475 pascebantur.
630 2395 683 2458 Sie
700 2414 728 2458 r.
743 2396 773 2459 ln.
795 2405 824 2459 et
845 2395 924 2476 quod
946 2412 1006 2458 non
1028 2393 1172 2456 dissimile
1193 2411 1223 2457 u.
1244 2393 1306 2452 304

241 2481 417 2560 Magnoque
444 2497 516 2560 pers
537 2480 629 2544 ‘l'atio
657 2499 754 2544 rerum
785 2492 850 2545 ernt
870 2484 948 2545 iuter
975 2497 1074 2546 ones.
1120 2479 1205 2542 liaeo
1226 2475 1306 2538 'ede

239 2557 415 2642 ἀντίθετα,
444 2568 475 2630 ἰιι
501 2568 607 2648 quibus
637 2567 784 2649 prooemii
803 2568 890 2630 buius
920 2585 1058 2630 summere
1078 2565 1197 2630 nerseei
1218 2563 1255 2640 Q.
1274 2559 1307 2622 Ρ.

240 2651 326 2728 ΙΙ,6.
348 2671 378 2734 p.
401 2655 473 2717 llil.
495 2651 720 2730 deelaravimus,
746 2654 853 2716 eximie
874 2655 972 2735 poetis
994 2653 1133 2716 Romanis
1150 2647 1307 2732 plausisse.

244 2746 275 2802 et
301 2737 355 2800 elii
383 2737 445 2801 looi
472 2737 580 2803 donent
607 2748 636 2801 et
658 2739 743 2819 Ving.
764 2742 837 2803 den.
858 2739 938 2816 v111‚
961 2742 1024 2805 360
1037 2756 1097 2819 sq:
1139 2737 1308 2818 passimque

243 2833 416 2888 sumente
436 2825 574 2889 uidebant
593 2824 840 2907 Romanoque
861 2817 1002 2890 lono'et
1019 2821 1307 2902 lentis'mugire

244 2911 406 2973 earinis.
455 2911 542 2975 Ouid.
568 2911 648 2975 Fesl.
669 2911 693 2986 1,
716 2915 807 2976 244:
837 2911 1036 2992 Tantaque
1071 2921 1136 2976 res
1169 2905 1308 2990 paneis

241 3012 388 3078 pessus
417 2994 540 3060 bubus
567 3007 643 3060 eret.
686 2997 799 3060 Tibull.
827 2997 867 3073 11,
887 3003 918 3073 b,
938 3003 1007 3062 ila:
1037 2996 1122 3059 Turno
1147 2992 1310 3078 pascebant

242 3081 374 3144 berbose
393 3081 551 3146 Palatie
580 3099 732 3146 neooee.
780 3084 1007 3147 decentissime
1026 3100 1088 3145 rem
1109 3091 1243 3144 nostram
1263 3091 1309 3140 re·

241 3165 303 3230 ient
323 3165 409 3232 Ouid.
429 3167 512 3232 loen.
533 3169 569 3244 V,
591 3173 680 3235 tlte:
706 3169 764 3244 „En
788 3187 874 3252 quem
903 3187 979 3233 nuno
1006 3179 1111 3249 gentes
1135 3163 1309 3230 Tiberin

242 3263 410 3334 noruntque
429 3255 644 3336 timentque,
673 3255 757 3318 Tune
778 3258 866 3319 etiam
886 3256 1005 3320 bobun
1026 3248 1308 3336 despiciendus

244 3343 329 3401 eret“
345 3369 389 3382 -—
410 3339 463 3402 nbi
483 3357 555 3404 eene
583 3357 621 3404 ne
643 3341 865 3421 praeteruidens
884 3341 1082 3422 gratissimam
1103 3338 1219 3402 Nasoni
1241 3334 1310 3397 dieti

241 3423 475 3504 ambiguitatem.
517 3427 733 3508 Despioere
752 3430 828 3491 enim
845 3431 970 3511 proprie
981 3436 1026 3490 eet
1043 3427 1161 3490 dietum.
1204 3424 1252 3488 Ne
1265 3430 1309 3482 te·

241 3525 309 3572 men
332 3511 382 3574 bio
400 3511 430 3572 iu
452 3527 526 3576 none
545 3511 692 3576 advene
712 3515 846 3590 haereas,
876 3515 1025 3578 eduens
1045 3521 1131 3577 eret
1160 3509 1239 3573 nihil
1267 3512 1310 3570 ent

242 3593 300 3658 uisi
320 3594 583 3674 ,ndrentebnu
612 3599 691 3662 unde
718 3600 902 3662 edrennn'n
929 3615 1081 3676 eommnue
1108 3598 1309 3662 duriorume

241 3683 451 3745 remotioribus
479 3687 617 3748 montium
644 3687 722 3764 iugis
744 3687 921 3749 uenientium
943 3686 1113 3749 attributum
1141 3700 1210 3747 esse
1230 3686 1310 3744 rente

241 3761 398 3828 Burmann.
429 3770 578 3835 observet.
628 3773 680 3834 Sin
700 3771 786 3837 Ouid.
808 3773 889 3836 Fesl.
906 3773 941 3848 V,
962 3775 1050 3836 268.;
1079 3770 1225 3834 advene
1246 3765 1308 3830 lli·

241 3847 316 3912 lus.
338 3853 410 3915 ibid.
429 3852 467 3929 ll,
484 3860 552 3920 (58.3
573 3857 727 3922 Aduena
749 3859 932 3939 Thybrin
952 3859 1022 3922 item
1040 3857 1091 3934 nl,
1113 3859 1187 3920 524.
1209 3851 1308 3920 Valet.

238 3929 342 4035 Flauo.
361 3937 385 4012 Ι,
401 3941 475 4002 588.
525 3941 629 4024 Neque
656 3961 713 4021 eqo
736 3962 812 4006 nune
832 3945 987 4025 repetitam
1011 3944 1131 4025 snepius
1150 3944 1179 4004 iu
1204 3937 1307 4004 eadem

241 4019 340 4100 elegia
353 4027 526 4089 sententiam
547 4029 724 4091 simillimum
740 4047 920 4112 magnopere
931 4031 1100 4112 probarem,
1122 4030 1179 4091 nisi
1191 4025 1307 4091 bioient

237 4113 492 4204 pooguomlna
512 4115 647 4193 prisea
668 4116 860 4178 loeosunt‘
881 4114 1198 4180 dootennbiudioaria
1220 4121 1308 4195 poeto

237 4191 446 4272 intelligerem.
487 4197 622 4262 Forum
645 4203 721 4264 enim
744 4201 925 4265 Boarinm
945 4203 994 4266 bib
1011 4204 1106 4282 lengi,
1125 4219 1205 4283 „qne
1219 4197 1308 4263 Vele-

237 4273 367 4343 breson
387 4286 723 4362 stnguabantllnnnine“‚
744 4288 811 4370 ipso
832 4290 979 4352 noeobnlo
999 4289 1169 4353 admoneor.
1213 4287 1254 4352 Et
1266 4285 1306 4348 sio

236 4357 366 4434 fluum
386 4367 539 4452 eliquanto
558 4373 773 4456 nignldoantius
792 4374 884 4440 illud:
912 4375 1068 4442 eduens.
