2950 4932
186 411 194 432 .
224 307 235 320 ⁸
269 339 351 426 218
596 337 856 412 Commentarius
877 295 911 410 ιῖι
932 339 1029 431 Prop.

271 511 348 580 iiut
365 511 405 578 nu
425 509 489 578 aiio
506 509 698 594 stpnttoetur.
744 511 889 596 Exempto
910 512 990 578 domi
1010 521 1079 578 snut
1097 512 1273 598 Propertio,
1301 533 1341 580 ne

272 599 397 666 aliunde
419 613 569 682 quaerar,
586 599 610 674 1,
630 601 662 675 8,
681 603 750 662 uu:
772 599 847 662 Nam
869 618 916 664 nne
937 613 995 664 uon
1008 599 1089 664 ullae
1100 612 1239 683 poterunt
1260 619 1341 666 our·

274 703 452 769 rnmpere
479 684 800 759 tnedae.11,19,9.:
833 685 901 748 lilio
925 696 956 751 ta
982 687 1057 750 nulii
1084 697 1222 768 poterunt
1251 706 1341 750 oon·

275 787 453 854 rumpere
470 769 546 840 ludi.
569 769 607 846 tt,
622 773 672 845 34,
693 776 763 836 oo:
785 771 882 852 thue
905 771 1004 836 decem
1026 775 1141 854 possint
1166 790 1341 838 eorrum-

275 873 370 940 pere
397 856 475 920 mala
497 857 636 939 puellam.
672 854 710 933 11,
732 861 785 932 32,
804 861 873 922 tsi-t
901 859 1030 924 Uxorem
1051 859 1150 938 ιιιιιςιιὶ
1169 859 1282 922 Minois
1297 890 1340 906 -

275 942 465 1024 Corrupit
485 941 702 1014 tornicandida
722 943 819 1006 forma
832 943 926 1008 horis.
945 977 988 990 -
1031 943 1063 1008 Ιιι
1076 945 1206 1008 breviori
1231 945 1339 1010 deinde

271 1047 362 1093 uersu
390 1027 492 1112 optimi
510 1027 590 1092 inud
621 1027 711 1092 dubie
736 1027 807 1092 libri
829 1027 1078 1108 Neeexiiben13
1107 1029 1187 1112 quod
1216 1029 1339 1096 deteudi
1370 1071 1380 1088 .

271 1113 485 1197 aliquomodo
507 1130 596 1196 posse
614 1115 755 1196 intelligo
762 1127 777 1192 ,·
800 1133 855 1178 nea
875 1127 974 1180 tamen
996 1133 1048 1193 eo,
1078 1135 1137 1199 quo
1159 1119 1337 1199 interpretes

268 1200 443 1278 uoluerunt,
470 1203 521 1283 qui
543 1217 610 1264 nee
637 1203 758 1264 minus
777 1217 833 1282 pro
860 1219 935 1266 nou
961 1203 1079 1266 miuus
1098 1203 1271 1267 sio'diutnm
1289 1203 1338 1268 nr·

268 1283 403 1362 drmaut,
431 1293 463 1349 nt
488 1303 556 1350 neo
586 1287 792 1369 opinantes
817 1304 873 1369 pro
897 1305 969 1353 non
998 1290 1217 1371 opinanter.
1261 1289 1338 1354 Gre-

269 1371 353 1448 dant,
374 1373 426 1454 qni
444 1390 556 1436 oannem
578 1373 724 1436 orationis
744 1374 957 1456 proprietate·
979 1377 1103 1439 minuere
1124 1373 1230 1440 solent
1271 1375 1337 1440 Ite·

265 1477 329 1542 qne
350 1459 376 1522 si
395 1459 443 1520 oui
463 1456 550 1522 oudd.
573 1459 721 1542 scriptura
746 1460 851 1540 quovis
871 1463 968 1542 pretio
991 1460 1163 1525 redimenda
1189 1461 1336 1538 rideatur,

268 1543 310 1610 ad
335 1543 368 1608 id
390 1543 548 1626 hyperbati
575 1563 671 1625 genus
695 1545 826 1622 referat,
857 1563 917 1628 quo
949 1545 1115 1629 paruenlse
1147 1547 1360 1632 copulativae„

269 1647 336 1696 oum
359 1647 397 1696 aa
415 1631 559 1695 enuntiati
579 1641 664 1714 pente
684 1641 857 1707 nectuntur,
877 1649 954 1714 quee
974 1633 1092 1714 utrique
1102 1635 1233 1697 membro
1255 1650 1337 1696 oom-

266 1716 365 1782 runuie
386 1725 441 1796 eat,
463 1734 531 1792 non,
551 1726 583 1780 ιιι
595 1716 746 1798 eogitandi
760 1735 883 1784 normae
902 1719 1014 1794 iubent,
1035 1735 1100 1782 oum
1112 1719 1211 1786 altera
1223 1737 1338 1798 earum,

268 1819 348 1886 qnae
375 1799 513 1866 diuersae
539 1813 607 1867 aunt
635 1813 666 1868 et
692 1805 859 1886 oppositae.
906 1804 953 1869 Ite
978 1805 1083 1868 iorum
1102 1823 1241 1869 uersuum
1260 1805 1337 1870 iaee

268 1888 418 1954 sententia
435 1887 544 1954 tuerit:
567 1889 675 1964 Venus,
695 1891 827 1972 qnamria
849 1906 928 1964 uon-n,
948 1889 971 1954 l.
992 1893 1047 1966 Μ.,
1068 1892 1228 1956 honesta
1249 1891 1335 1956 tuit.

269 1990 340 2042 aar
361 1975 482 2038 minus
502 1974 627 2042 honusta
648 1975 720 2052 tuit,
740 1976 873 2062 quenda
891 1974 947 2040 Ide
963 1976 1063 2040 Parim
1085 1987 1154 2042 oett.
1182 1977 1255 2040 ·Sed
1270 1992 1338 2041 num

264 2061 358 2124 mimia
384 2057 526 2142 inpedita
554 2063 651 2126 oretio
678 2061 982 2138 sinemurensem
1009 2072 1101 2127 totum
1127 2061 1203 2125 illud
1230 2080 1337 2141 genna,

270 2147 341 2210 aliia
360 2147 458 2228 poetis
477 2163 536 2210 non
554 2148 743 2229 infrequens,
773 2167 792 2210 u
813 2149 972 2228 Propertio
991 2167 1028 2212 ne
1048 2149 1078 2212 in
1104 2148 1338 2230 simplicioribus

269 2232 389 2312 quiden
408 2233 565 2298 enuntietis
592 2251 683 2315 saepe
710 2232 824 2298 admitti
852 2233 1004 2298 doouimna
1026 2234 1063 2313 Q.
1083 2234 1118 2298 P.
1139 2235 1179 2310 11,
1198 2238 1228 2297 o.
1250 2251 1275 2297 s.
1294 2234 1338 2299 11.
1460 2267 1461 2334 ,

269 2315 299 2402 §.
323 2322 373 2384 to.
394 2337 423 2399 p.
448 2322 519 2382 tus.
551 2339 575 2382 s.
594 2319 645 2384 tv.
673 2337 705 2402 p.
727 2325 800 2385 17³.
849 2321 954 2384 Omnia
973 2337 1046 2385 raro
1067 2320 1159 2404 plana
1178 2329 1286 2396 essent,
1308 2321 1338 2384 ai

261 2404 490 2470 memorabilem
504 2403 585 2470 illam
596 2405 723 2489 Neapol.
736 2405 965 2490 discrepantiam
986 2407 1002 2470 i
1009 2415 1113 2471 entur
1134 2423 1191 2488 pro
1213 2424 1338 2488 quam·
1459 2461 1460 2464 ,

269 2491 331 2556 ris
351 2491 384 2554 in
404 2491 538 2556 ordinem
555 2495 691 2577 recipere
711 2492 826 2556 lioanat.
876 2491 938 2556 Sed
958 2493 1003 2556 ita
1020 2491 1069 2556 hio
1090 2493 1168 2556 litter
1189 2501 1336 2572 cognoto-

265 2593 332 2640 rum
352 2593 410 2658 ope
429 2575 607 2655 destituitur,
627 2589 661 2644 ut
683 2579 734 2642 nui
755 2575 904 2642 conitere
925 2577 1036 2658 religio
1053 2579 1101 2643 sit
1152 2577 1259 2660 Itaque
1277 2595 1339 2640 non
1459 2607 1460 2610 ι

265 2659 462 2728 dubitavimus
489 2666 658 2730 rescribere
687 2682 757 2727 uon
783 2665 924 2741 minna,
952 2663 1031 2748 quod
1055 2663 1125 2730 itali
1153 2671 1206 2726 aut
1232 2682 1270 2728 ex
1289 2665 1338 2726 in·

263 2750 415 2832 corruptis
436 2749 522 2814 libris
532 2761 735 2826 sanaverunt,
756 2757 807 2814 uut
821 2749 952 2819 teliuiter
971 2747 1031 2833 ipsi
1048 2750 1234 2815 inuenerunt.
1275 2749 1338 2813 du·
1458 2801 1459 2820 ι

265 2832 347 2901 eetu
367 2835 442 2898 enim
456 2835 561 2902 Hnmb.
585 2836 662 2912 uod,
685 2846 716 2901 et
735 2837 779 2900 ite
796 2836 890 2910 fuisse
911 2839 941 2898 in
954 2837 1157 2918 antiquissimu
1172 2833 1339 2916 exemplari

264 2919 321 2984 alii
347 2920 450 2994 (Leti.
471 2923 508 2986 11.
530 2924 615 2989 Voss.
637 2922 663 2987 1.
685 2930 715 2986 et
735 2923 788 2986 111.
820 2923 965 2988 D'Oruill.
984 2941 1037 3005 ap.
1061 2923 1162 2989 Burm.
1189 2931 1221 2986 et
1247 2918 1336 2984 iuius

264 3009 408 3090 uterque)
430 3007 496 3089 ipso
518 3027 624 3074 errore
644 3007 821 3089 significant.
871 3009 977 3074 Nuuo
1004 3007 1082 3071 enim
1103 3008 1228 3084 iubent,
1254 3005 1337 3088 quod
1457 3065 1458 3082 ,

267 3110 355 3174 qnam
382 3094 472 3160 simili
500 3105 572 3160 nuta
593 3095 715 3159 exarari
736 3113 756 3158 a
777 3095 927 3171 librariis,
956 3091 989 3158 ei
1006 3113 1093 3176 quam
1114 3094 1263 3175 frequenti
1285 3111 1336 3156 er-

265 3195 340 3244 rore
357 3196 422 3242 enm
444 3179 540 3246 altero
562 3199 635 3244 non
656 3178 797 3244 eoninndi
816 3179 929 3256 soleat,
961 3179 1165 3248 demonstrare
1186 3196 1246 3243 non
1265 3178 1338 3242 atti-

263 3273 326 3329 net.
368 3267 472 3346 Magis
495 3266 631 3342 dubites,
657 3284 695 3330 au
717 3284 782 3330 oum
803 3265 971 3330 Burmanuo
991 3285 1071 3328 uuus
1091 3282 1146 3348 pro
1164 3283 1236 3329 uon
1256 3263 1337 3328 auri-

264 3351 330 3416 um.
372 3349 419 3416 Ad
441 3354 616 3416 sententium
636 3353 712 3414 enin
725 3351 861 3434 'perinde
880 3352 970 3434 plene
993 3362 1056 3428 est;
1086 3369 1142 3416 neo
1162 3349 1338 3432 compendia
1456 3361 1457 3424 ι

266 3435 363 3516 mugio
388 3435 569 3520 dissaepaut.
616 3437 752 3512 Interim,
782 3437 862 3519 quod
884 3447 981 3502 tamen
1003 3437 1170 3519 aliquorum
1190 3437 1336 3500 librorum

267 3525 551 3590 oertttsauotoritnte
571 3523 802 3599 commendetur,
823 3525 1005 3588 retinuimus.
1055 3525 1234 3602 Quamuis
1253 3538 1337 3598 nero,

265 3625 306 3674 na
329 3625 421 3685 erras,
441 3609 544 3691 priore
563 3619 623 3674 tuns
644 3611 711 3674 colo
735 3612 826 3674 entius
847 3627 912 3674 enm
927 3609 1085 3692 participio
1102 3607 1338 3688 coniungendum
1358 3671 1362 3680 ,

266 3711 325 3777 pro
348 3697 590 3776 quantumuis
613 3695 720 3760 dietum
741 3697 830 3792 erit.¹
856 3697 992 3762 Maiores
1017 3696 1120 3758 turbas
1140 3712 1268 3776 sequens
1291 3693 1338 3755 di-

263 3780 389 3846 etiohuus
409 3782 509 3861 morit,
528 3783 561 3847 in
580 3798 640 3865 quo
660 3785 784 3866 primum
805 3782 977 3846 mouendum
1000 3790 1055 3858 est,
1076 3779 1157 3862 quod
1177 3783 1236 3846 iam
1250 3780 1287 3858 Q.
1300 3779 1338 3841 P.

259 3865 305 3942 11,
326 3871 358 3931 u.
384 3867 480 3934 s.1v.
503 3886 534 3950 p.
564 3873 636 3934 173.
666 3868 876 3944 indicarimus,
902 3875 934 3930 ιιι
962 3867 1067 3931 deam
1096 3869 1127 3929 in
1152 3873 1337 3947 pentametro

263 3953 421 4036 utriusque
438 3951 573 4021 infinitivi
592 3955 755 4022 subtectum
775 3955 932 4028 dabutur,
953 3953 1083 4034 ideoque
1101 3961 1175 4038 post¹
1188 3967 1338 4016 amasse
1453 4001 1454 4014 .

265 4039 386 4119 ringula
412 4039 547 4108 tollatur.
611 4039 700 4118 Quod
724 4043 757 4106 ni
776 4041 844 4116 iat,
864 4037 961 4120 qnod,
987 4054 1115 4122 quaeso,
1146 4039 1340 4121 opprobrium
1453 4097 1454 4108 ,

265 4125 360 4189 tuerit
379 4125 522 4204 Veneris,
551 4127 578 4190 si
605 4127 722 4191 Paria
751 4125 1069 4206 anessaqnondan
1092 4124 1231 4187 diuaturi
1276 4121 1341 4188 Sed
1453 4119 1454 4156 ³

265 4212 325 4278 ine
345 4212 487 4295 imprimis
507 4213 653 4278 soliioitos
673 4213 777 4276 inbuit
791 4213 978 4293 interpretes,
997 4210 1077 4292 quod
1092 4212 1169 4275 elias
1191 4227 1341 4292 nunquam

266 4297 446 4368 Paridem
473 4319 496 4366 a
523 4299 642 4370 tenens
669 4307 795 4368 anetam
823 4315 891 4366 ersa
919 4297 1095 4366 retentetur.
1147 4296 1252 4384 Neque
1281 4311 1341 4378 epo
