2912 4920
573 341 673 434 meg.
692 341 757 428 nt,
779 343 830 414 rs.
1088 303 1089 306 ‘
1119 373 1123 386 ·
1164 343 1244 426 357

160 517 257 586 Satln'
278 515 412 584 lolilleo
441 517 629 599 ignarus?
675 516 741 582 Neo
764 525 865 582 taum
888 516 988 584 trema
1009 516 1135 600 igneum
1162 530 1238 598 erat,

159 604 215 672 aed
243 623 371 683 oamae,
399 623 487 688 qoam
515 603 664 687 extemplo
684 605 861 687 Propertius
883 603 984 669 adlit:
1014 613 1096 670 tanto
1118 609 1237 672 stetisse
1278 612 1311 686 J

161 693 324 756 alterum
343 691 574 773 Agmemnonis
595 707 760 769 amorem
781 689 1030 773 Chryseilsmqna
1043 700 1169 774 raptam.
1197 695 1237 760 At

159 777 216 842 ille
240 779 306 860 ipae
334 776 442 844 alter
462 795 567 842 amor
587 797 616 845 ι.
636 781 689 842 ³0·
706 794 766 841 nom
791 777 872 842 liler
898 779 1007 842 mansit
1024 796 1046 841 a
1066 779 1255 844 oritioornm'

159 864 379 932 samosatum.
429 863 506 928 Nam
532 881 596 928 oum
623 863 812 928 Passeratius
845 863 971 946 primum
999 881 1129 928 amorem
1163 866 1236 933 Ar·
1327 909 1330 916 -

160 951 279 1034 gpnni
301 949 466 1030 signiloari
482 949 571 1027 tliost,
589 949 798 1033 Vulpiusuero
820 947 922 1024 (sicuti
942 957 1011 1014 aute
1031 966 1096 1014 enm
1108 951 1237 1018 Beroal-

160 1035 231 1112 slus)
254 1035 485 1117 Glrpsaitlia
511 1037 648 1119 primum,
675 1035 874 1100 Brisailis
894 1033 1053 1100 seeundum
1070 1037 1235 1119 teologus:

159 1123 377 1198 Laolrmanuns,
397 1122 495 1188 altera
517 1121 597 1186 (lolli
617 1123 866 1206 interpretatione
885 1129 1035 1205 tamqnam
1055 1123 1142 1188 nimis
1166 1126 1237 1188 suo·

160 1210 219 1286 otii,
239 1209 336 1274 altera
356 1209 435 1285 ltali,
455 1209 595 1292 quomam
615 1226 654 1272 no
673 1226 748 1274 sera
768 1207 887 1292 qnidam
906 1209 956 1285 sit,
975 1208 1098 1288 reieota,
1117 1212 1236 1276 ortam

160 1296 248 1370 uam,
268 1313 357 1376 quam
376 1296 464 1359 unios
484 1313 584 1359 reram
606 1295 813 1372 amstlmamus,
832 1293 985 1372 intlioasse
1004 1304 1159 1360 eontentns
1182 1307 1237 1374 est,

160 1391 196 1446 ut
214 1390 286 1463 post
305 1379 653 1461 Clytaemnestram
674 1381 800 1445 alterum
822 1380 994 1460 Gluaeidis
1013 1397 1145 1445 amorem
1164 1399 1237 1446 oan-
1311 1443 1315 1450 .

160 1485 225 1531 sam
246 1466 437 1550 pestilentiae
458 1467 552 1530 luisse
573 1467 666 1549 Prop.
684 1468 774 1532 diost
825 1469 864 1532 llt
885 1467 950 1549 ipse
970 1468 1117 1531 inuentum
1138 1470 1237 1533 statim
1291 1493 1296 1500 ·

161 1553 276 1629 abiicit,
297 1553 369 1634 qnia
388 1553 543 1636 „putidum
563 1553 613 1629 sit,
634 1569 691 1634 per
711 1569 849 1616 numeros
869 1552 1004 1616 iudicare
1022 1571 1140 1619 amores
1154 1556 1238 1634 nga-

160 1639 353 1704 memnonis.“
375 1686 379 1695 .
401 1639 509 1703 latinii
536 1637 714 1719 elegantiam
742 1639 883 1720 intelligo
911 1638 1091 1721 etpedibus
1118 1641 1237 1722 ipsein

162 1743 227 1790 eam
248 1725 421 1788 sententian
443 1726 567 1800 abirem,
587 1725 614 1788 si
635 1725 710 1788 sinit
728 1724 855 1808 amplius
873 1741 962 1806 quam
980 1741 1098 1790 amores
1118 1743 1238 1792 enume-

160 1811 226 1876 rari
252 1813 301 1874 lio
329 1810 471 1878 silerem.
522 1810 583 1874 Sel
609 1811 653 1874 ita
678 1810 842 1877 infeliciter
869 1811 1085 1891 Agamemnoni
1112 1829 1236 1878 omnes

160 1915 280 1961 amores
305 1906 475 1974 cesserunt,
502 1905 536 1960 nt
560 1898 652 1978 Prop.
677 1897 705 1960 si
731 1915 789 1980 per
813 1895 933 1976 altum
961 1913 1092 1962 amorem
1117 1898 1237 1978 (altus

161 1984 239 2048 euim
259 1983 380 2046 Laolum.
403 1985 476 2062 oi),
506 1983 557 2065 qni
579 1999 714 2063 magno
736 1983 783 2047 illi
803 1983 949 2058 stetisset,
976 1992 1091 2066 tenpus
1112 1985 1238 2067 aliquosl

161 2069 332 2150 siguificare
359 2068 465 2144 uellet,
494 2068 570 2132 nihil
596 2078 711 2148 ageret.
759 2070 895 2136 Maximo
919 2085 992 2134 tero
1019 2069 1146 2133 omnium
1167 2071 1239 2152 Gly-

159 2164 361 2222 taammestrae
390 2155 678 2238 oonstltit‚s1nippe
706 2155 774 2237 ipsa
800 2155 865 2220 vim
893 2154 1003 2219 sarius.
1052 2156 1158 2236 ltaque
1177 2175 1237 2222 uon

159 2241 242 2307 istud
269 2243 328 2305 ait:
354 2241 467 2306 Lnotss
494 2241 622 2304 Achivos
651 2239 819 2324 populavit,
854 2257 914 2322 qno
937 2249 1072 2322 tenpore
1100 2241 1238 2306 damnum
1303 2275 1311 2292 ·

160 2331 364 2409 Agamemnon
392 2327 789 2409 abamoreaooepit,s1ni
817 2341 902 2390 amor
933 2327 1012 2392 inter
1040 2345 1142 2392 omues
1171 2331 1237 2394 eius

161 2430 282 2484 amores
308 2431 430 2478 numero
460 2423 525 2477 erat
546 2411 692 2476 aeonnlus
715 2445 759 2464 --
785 2412 872 2476 nimis
894 2411 972 2476 enim
993 2413 1154 2479 absurdum
1174 2449 1235 2492 —,

163 2499 220 2566 sed
241 2500 314 2564 loo:
341 2517 420 2580 „qno
442 2499 750 2582 responsatores
770 2516 872 2562 amore
892 2499 1140 2565 malemuletatus
1162 2503 1239 2566 est.“

160 2587 299 2666 Argynni
316 2602 389 2649 uero
410 2602 496 2648 amor
516 2586 561 2650 ita
581 2585 725 2648 obscurus
746 2593 802 2660 est,
826 2593 861 2647 nt
881 2583 964 2648 alind
985 2596 1125 2667 agentem
1144 2587 1238 2668 Prop.

161 2672 201 2736 sle
224 2673 282 2734 hoo
309 2671 460 2751 rogitasse
479 2688 666 2772 nequaquan
683 2671 722 2772 sit
741 2669 977 2770 emstimantlum.
1025 2671 1131 2738 Restat
1152 2689 1241 2754 ergo,¹

162 2767 198 2824 m
217 2755 960 2924 wengiplislffezlglltsrzeexllltlffisweltuequtem
978 2842 1068 2906 toties
1087 2841 1239 2907 oonieotu·
1322 2887 1327 2896 ·

162 2928 209 2995 ris
229 2929 447 3011 repetiverunt,
475 2938 509 2992 ut
534 2925 607 3008 qnid
628 2945 731 2991 rernm
751 2926 810 2990 sihi
828 2925 991 3004 sileretur,
1020 2927 1093 3010 qnid
1112 2945 1183 3004 nou,
1204 2931 1237 2996 iu

162 3023 246 3081 tanto
269 3013 501 3097 obstrepentium
523 3014 733 3077 sententiarum
759 3011 883 3076 tumultu
909 3014 960 3077 rix
979 3014 1039 3097 ipsi
1059 3015 1238 3096 interpretes

162 3099 380 3165 disseruereut.
420 3103 465 3165 Ao
485 3100 610 3182 primum
631 3098 735 3179 Gupet.
758 3099 856 3162 noni:
874 3100 921 3163 At
942 3099 1030 3176 tibi,
1051 3101 1237 3166 Manlianus

160 3187 209 3251 At
230 3196 325 3251 ιιι-
345 3187 410 3250 llno
426 3187 543 3250 animae
564 3193 700 3269 portes
716 3183 776 3248 oi.
792 3201 895 3248 snae.
937 3185 1059 3250 Helua:
1082 3185 1160 3250 lino
1180 3206 1237 3252 an.

161 3271 370 3337 Portlrmen
394 3273 455 3336 ui.
477 3290 580 3336 snae.
602 3287 691 3350 suae
712 3270 803 3335 etlam
822 3269 961 3334 Kuinoel.
974 3271 1105 3350 retinuit,
1135 3279 1238 3338 nemra

162 3358 269 3440 qualia
296 3358 436 3422 inlibris
464 3359 606 3438 leguntur
635 3357 776 3422 seruauit.
825 3357 864 3421 lli
882 3373 955 3420 uero
988 3374 1089 3420 omnes
1111 3357 1149 3422 tls
1171 3377 1240 3423 seu·

161 3445 257 3510 tentia
268 3445 366 3509 mouri
387 3445 465 3514 llne
484 3443 524 3506 al
546 3445 627 3522 Qua
645 3441 832 3507 rettulerunt.
873 3441 995 3506 Laolrm.
1011 3445 1125 3509 iutuoto
1146 3445 1239 3510 oexa-

162 3539 259 3595 metro
279 3539 396 3595 rer'sum
422 3531 592 3596 breuiorem
616 3529 660 3594 sio
680 3527 816 3593 reluxit:
842 3528 921 3593 lloo
940 3547 970 3593 a.
988 3546 1020 3610 p.
1042 3546 1068 3594 o.
1088 3529 1110 3594 i.
1133 3547 1238 3598 suae.
1378 3567 1380 3572 v

162 3615 356 3683 tonsorum
383 3633 455 3681 uero
483 3617 639 3680 distichum
668 3623 699 3678 et
723 3615 845 3678 rerbum
872 3615 998 3677 osasit
1017 3615 1180 3680 subiectum
1202 3636 1241 3684 ex

162 3703 257 3783 genis
278 3703 429 3766 animae
450 3703 642 3785 repetendum
664 3699 867 3764 asseuerauit
889 3699 1025 3777 anima,
1044 3703 1101 3765 lae
1121 3712 1241 3770 seuten-

163 3790 225 3856 tia:
248 3788 397 3871 Corpus
419 3787 538 3870 quidem
560 3787 717 3852 Glrsrou
736 3783 768 3848 in
788 3785 921 3866 Elysium
939 3785 1059 3851 aniarat
1081 3787 1129 3868 [ll
1151 3791 1241 3854 Ani·

162 3893 244 3941 nsua
264 3876 296 3937 in
310 3882 394 3938 astra
415 3874 513 3952 abeat,
536 3891 596 3957 qua
607 3869 775 3938 Marcellus
797 3880 828 3935 et
845 3869 969 3937 Caesar.
989 3871 1117 3938 lsoobns
1128 3891 1156 3938 ι.
1168 3876 1240 3952 st.;
1327 3859 1356 3947 ,³

162 3977 197 4044 p.
217 3962 247 4025 lr.
270 3976 344 4042 quo
365 3959 435 4024 trai.
456 3979 486 4024 ιι.
506 3961 605 4036 lluo;
629 3975 720 4022 unum
747 3957 825 4022 euim
848 3965 960 4020 tantum
983 3961 1103 4024 uouisse
1124 3977 1160 4023 se
1187 3964 1241 4038 sit,

164 4045 219 4129 qui
237 4047 357 4110 umbras
378 4045 520 4110 meliust
562 4045 668 4128 Neque
687 4059 745 4125 ego
762 4059 839 4108 nuno
854 4043 891 4106 'in
904 4042 1031 4123 siugulis
1048 4046 1239 4128 opinionibus

162 4130 335 4196 relutanslis
363 4129 474 4196 diutius
502 4147 619 4207 moror,
647 4127 703 4194 aetl
724 4137 881 4210 purgatam
906 4128 1074 4212 emplastris
1100 4131 1188 4196 simul
1210 4141 1241 4198 at

163 4218 356 4283 oioatrioilrns
377 4217 487 4282 tanim
506 4216 569 4281 loci
587 4216 694 4293 talem,
721 4215 822 4296 unalis
845 4217 879 4280 in
903 4215 991 4280 libris
1012 4233 1082 4282 mss.
1103 4218 1242 4298 labetur,

163 4303 376 4418 reponopioo
400 4302 496 4372 solum
517 4301 607 4386 allo,
624 4302 751 4389 primam
767 4301 845 4368 lano
864 4303 1002 4455 ornniugu²
1018 4319 1157 4425 ¹prrorun
1178 4305 1241 4370 ori·
