2812 4918
512 331 740 425 utentur.
852 353 857 367 ·
983 360 1004 406 ᾳ
1089 341 1217 428 m

96 503 158 574 lire
179 497 353 588 expositam,
377 495 677 584 culpatan'no'minir
705 501 932 586 originationem
963 503 1095 578 additum
1127 510 1169 579 iri

97 593 304 672 expectabant.
353 593 392 653 nt
419 606 471 652 coa
501 597 639 653 auctores
666 593 752 672 sequi
772 592 946 674 Propertius
975 593 1088 671 munit,
1115 593 1169 678 qul

97 695 160 740 cum
182 678 218 740 L.
239 675 348 740 Pisone
370 684 399 738 et
419 676 542 756 Dionys.
562 676 630 739 llal.
650 677 760 756 uirgini
790 679 956 746 sceleratae
978 689 1092 746 tanmn
1111 683 1168 764 bp-

96 781 199 826 norem
220 763 359 826 tributum
383 779 449 824 ease
475 761 655 824 admirantes
678 762 732 842 (ol.
753 761 841 826 Nieb.
862 765 898 827 ll.
920 765 957 828 tt.
978 763 1003 828 1.
1023 787 1054 848 p.
1076 773 1167 849 254.)

96 850 188 930 aSp.
213 847 402 930 Tarpeio,
430 845 524 910 duce
549 857 578 910 et
606 847 768 912 custode
789 850 878 925 arcis,
907 859 994 932 patre
1015 853 1200 935 Tarpeiae-a

97 935 177 1014 (Lis.
198 933 223 1010 l,
246 933 323 1017 lh),
344 951 446 1016 rupem
468 943 498 1000 et
518 943 642 997 monam
665 934 744 998 dicta
765 953 832 1000 esse
853 938 1017 1000 traderent.
1060 940 1168 1004 luia·

96 1030 188 1086 stam
218 1021 311 1101 igitur
330 1021 493 1101 Tarpeii
523 1021 664 1099 uigilis
692 1031 803 1084 sortem
834 1022 886 1096 ait,
914 1023 1005 1104 quod,
1034 1027 1167 1106 quamuis

95 1107 267 1190 ipse-bomo
290 1107 372 1186 frugi
394 1115 424 1172 ct
444 1104 601 1182 fidelis,
635 1105 716 1170 bliae
737 1105 908 1190 proditione
927 1110 1061 1190 perierit.
1103 1113 1169 1180 llur

94 1195 141 1268 ius
162 1193 256 1272 igitur
276 1193 404 1257 acerbae
425 1194 514 1256 sortis
536 1192 722 1256 solatium
744 1193 961 1274 quodammodo
996 1204 1027 1260 et
1053 1217 1167 1278 pras·

92 1281 201 1432 fliium
230 1281 333 1344 babuit
352 1295 464 1344 ,nonen
494 1279 670 1344 aeternitate
700 1280 850 1346 donatum.
900 1279 952 1346 Sic
968 1279 1166 1354 ,cribrat

120 1369 242 1444 ,dila
666 1415 671 1427 ,
1063 1431 1066 1438 .

191 1464 352 1536 Illudlopa)
370 1465 427 1516 loco
444 1445 561 1518 nioman
578 1467 675 1533 fecit:
694 1467 767 1522 locas
784 1463 844 1533 ipsa
861 1469 1000 1533 cornua.

229 1536 357 1601 Mopso
373 1535 431 1585 doti
448 1536 573 1586 nutrior
585 1537 744 1604 proemio
761 1535 839 1588 lactis
856 1533 941 1591 labet.

93 1621 219 1686 lacobus
239 1633 337 1688 autem
358 1641 422 1688 oum
445 1619 616 1703 Tarpeio
637 1623 792 1702 corrigere
809 1640 868 1686 non
890 1639 991 1700 ansus,
1019 1624 1167 1694 iniusta

92 1719 189 1774 tamen
209 1709 426 1772 aLachnanno
441 1712 600 1789 acceperit,
620 1709 778 1772 lectionem
795 1711 1056 1792 procreauitomni
1077 1733 1168 1782 sensa

95 1794 272 1860 destitutam.
294 1795 355 1858 Neo
368 1812 439 1858 uero
456 1813 557 1856 rursus
576 1797 695 1877 spurios
709 1795 769 1858 boe
784 1813 899 1871 sersus,
919 1804 952 1858 ut
973 1798 1025 1877 qui
1047 1797 1087 1865 atl
1103 1817 1167 1869 rent

94 1898 152 1943 non
166 1883 342 1964 pertineant,
363 1881 552 1945 Lachmannc
570 1895 599 1946 er
613 1883 664 1946 all.
684 1879 801 1944 credas.
844 1879 919 1944 Nam
940 1883 1086 1962 clausula,
1106 1903 1167 1968 pua

95 1969 318 2046 cognomina
350 1969 484 2048 prisca
517 1966 692 2036 locorum
722 1967 960 2050 explicarentur,
990 1986 1096 2036 carere
1117 1973 1166 2037 bio

92 2051 222 2130 libellus,
248 2043 378 2202 Afiirr'w
410 2053 578 2136 particula,
610 2071 671 2118 uon
702 2055 807 2136 potuit
859 2053 905 2118 ct.
934 2053 971 2134 Q.
999 2055 1035 2122 P.
1059 2055 1106 2137 11,
1131 2061 1166 2125 br

92 2155 124 2220 p·
146 2141 198 2204 ct.
220 2157 245 2203 a.
290 2158 317 2203 n.
1100 2153 1102 2158 '

196 2225 332 2290 Ceterum
357 2223 437 2290 baud
464 2241 589 2306 prorsus
613 2233 695 2290 recte
723 2223 868 2288 lliebobr.
888 2221 911 2285 l.
931 2221 954 2288 l.
976 2225 1052 2290 banc
1076 2226 1166 2297 labu-⁴

92 2309 153 2374 lan
180 2309 301 2374 Graecis
335 2312 534 2398 argumentis,
570 2322 653 2394 qoae‘
678 2310 716 2374 de
742 2310 845 2392 Scylla
875 2309 942 2376 llisi
979 2311 1166 2393 serebantur,

92 2395 288 2461 adulteratam
315 2417 335 2461 a
360 2399 517 2479 Propertio
535 2415 612 2461 ¹essa
640 2395 763 2460 censuit.
806 2396 871 2459 llac
893 2397 969 2460 enirn
991 2403 1166 2470 narratione

90 2489 174 2550 tanto
193 2485 289 2563 poagia
311 2485 487 2548 abstinuisse
507 2491 625 2564 poetam
656 2481 845 2563 crediderim,
874 2481 954 2561 qnod
970 2484 1042 2560 ¹eius
1070 2487 1166 2568 ipsius

91 2567 299 2634 recordantem
321 2571 480 2652 Tarpeiam
497 2571 537 2642 (r.
554 2571 620 2647 39.)
634 2569 682 2632 bic
703 2569 786 2632 lacit.
827 2567 942 2632 Eodem
963 2578 1014 2634 aut
1035 2570 1166 2639 tortasse

91 2658 180 2718 ctiam
203 2657 316 2718 maiore
338 2655 403 2720 iure
425 2653 463 2717 ad
485 2655 629 2736 Licymuii
646 2655 714 2718 Chii
733 2653 782 2718 rel
796 2652 1044 2718 llermcsianaotis
1065 2675 1166 2722 exem·

88 2741 170 2823 plum
192 2742 385 2822 compositum
405 2742 461 2804 boc
482 2757 589 2820 poema
609 2739 701 2815 dicas,
724 2735 951 2820 quil‘artbenio
973 2749 1050 2804 teste
1063 2743 1166 2820 (Erot.

89 2843 117 2896 c.
145 2827 214 2911 22.)
257 2827 402 2892 Nanitlem
431 2825 609 2890 Sardeusem
649 2825 751 2906 Gpro
784 2841 885 2888 arcera
912 2826 1030 2908 patriae
1059 2829 1166 2902 eodan

88 2913 191 2990 modo,
223 2931 283 2995 quo
312 2915 361 2977 liic
383 2913 516 2994 Tarpeia
536 2913 635 2988 Tatio,
663 2909 834 2996 prodidisse
860 2921 1065 2982 narraverunt.
1115 2915 1165 2989 (ll.

88 3001 126 3064 A.
149 3000 184 3064 G.
206 2999 359 3078 Sollegel.
389 3001 421 3060 in
448 3015 575 3062 censura
604 2999 705 3080 operis
725 2997 921 3060 llicbubriani
948 2999 1069 3063 Annall.
1090 3000 1165 3067 ties
1200 3067 1205 3077 ,

89 3085 171 3148 rlelb.
194 3104 222 3147 a.
246 3089 338 3154 1816.
361 3104 391 3166 p.
413 3087 480 3150 897
490 3103 556 3166 sqq.
585 3086 677 3150 Bacb.
699 3083 834 3148 Hermes.
856 3084 945 3164 lrgm.
969 3088 1165 3167 rr.p.1aa

87 3173 129 3238 Ar
148 3171 262 3236 frustra
283 3181 446 3252 utrumque.
489 3171 564 3236 llanr
585 3171 662 3234 alias
685 3169 773 3234 etiarn
793 3169 923 3244 inbutas,
953 3187 1064 3253 easque
1085 3174 1165 3235 anti-

88 3251 258 3338 quissimas,
276 3276 460 3340 peragrasse
474 3257 689 3340 quodamnodo
712 3257 817 3320 orbem
839 3266 869 3318 et
889 3254 1015 3322 dirersis
1036 3259 1165 3334 maxime

85 3343 166 3412 locis
188 3355 333 3427 mapsam
356 3344 473 3426 patrias
493 3343 653 3422 venditari,
673 3343 746 3408 ratis
766 3351 867 3406 notun
888 3351 945 3412 est.

459 3483 700 3572 Elegia
741 3485 796 3558 V.

192 3599 277 3665 llanc
298 3616 416 3684 quoque
437 3599 564 3680 elegiam
584 3599 624 3662 ad
647 3599 790 3682 Gpntlriae
812 3613 930 3662 amores
950 3595 1164 3679 pertinerem

84 3687 308 3750 commentariis
339 3686 591 3767 interpretationis
629 3696 738 3768 poetae
774 3685 967 3752 Germanicae
999 3683 1164 3749 docuimus.

85 3765 154 3840 Nec
187 3763 341 3854 quisqoaul
376 3771 556 3850 dubitasset,
592 3773 651 3836 nisi
678 3771 775 3836 critici
804 3770 925 3852 singola
949 3771 1049 3851 potius
1073 3786 1164 3850 quan
1277 3781 1282 3792 ·

84 3858 255 3938 argumenti
292 3875 430 3921 sommam
462 3865 649 3940 spectantes,
675 3876 723 3922 ru.
741 3859 794 3924 st.
819 3867 848 3920 et
866 3857 919 3922 bb.
952 3855 1078 3936 egregie
1105 3855 1162 3918 illo

83 3943 159 4012 loco
188 3945 303 4026 positos
333 3943 583 4022 eliminationem,
614 3943 763 4026 iidemque
779 3962 808 4007 u.
830 3948 883 4007 21.
947 3939 1164 4016 Doroxaninm,

82 4048 193 4095 nomen
222 4029 260 4092 ab
282 4030 355 4110 ipsis
375 4029 489 4093 demum
510 4033 722 4116 interpretibus
751 4030 894 4107 lictum,
915 4044 972 4110 pro
1004 4027 1164 4109 puellae

83 4117 190 4182 nescio
217 4115 368 4180 cuiusdam
392 4116 594 4197 appellatione
620 4115 832 4181 renditassent.
895 4113 961 4178 lloc
988 4115 1077 4178 etism
1101 4113 1163 4176 iam

82 4213 157 4267 tuuc
170 4202 336 4276 obsonari,
356 4201 495 4268 feminam
516 4203 602 4267 mulir
614 4203 729 4266 orobos
750 4210 891 4268 terbum
911 4217 1012 4264 suan
1032 4198 1071 4262 ab
1092 4199 1161 4280 ipso

82 4287 247 4373 Propertio
268 4287 394 4354 amicam
412 4286 489 4368 tiri,
514 4291 599 4356 omos
620 4288 748 4354 nominis
767 4289 882 4356 bonore
903 4302 1050 4370 uunquam
1068 4283 1161 4361 aban
