<?xml version="1.0" encoding="UTF-8"?>
<!DOCTYPE html PUBLIC "-//W3C//DTD XHTML 1.0 Transitional//EN"
    "http://www.w3.org/TR/xhtml1/DTD/xhtml1-transitional.dtd">
<html xmlns="http://www.w3.org/1999/xhtml" xml:lang="en" lang="en">
 <head>
  <title>
</title>
<meta http-equiv="Content-Type" content="text/html;charset=utf-8" />
  <meta name='ocr-system' content='tesseract 3.04.00' />
  <meta name='ocr-capabilities' content='ocr_page ocr_carea ocr_par ocr_line ocrx_word'/>
</head>
<body>
  <div class='ocr_page' id='page_1' title='image "./sexaureliiprope03propgoog_0373.png"; bbox 0 0 2912 4920; ppageno 0'>
   <div class='ocr_carea' id='block_1_1' title="bbox 532 383 1193 478">
    <p class='ocr_par' dir='ltr' id='par_1_1' title="bbox 532 383 1193 478">
     <span class='ocr_line' id='line_1_1' title="bbox 532 383 1193 478; baseline 0.003 -20"><span class='ocrx_word' id='word_1_1' title='bbox 532 383 633 478; x_wconf 75' lang='lat' dir='ltr'><strong>Eleg.</strong></span> <span class='ocrx_word' id='word_1_2' title='bbox 646 383 709 474; x_wconf 86' lang='lat' dir='ltr'><strong>lli,</strong></span> <span class='ocrx_word' id='word_1_3' title='bbox 729 389 784 460; x_wconf 74' lang='lat' dir='ltr'><strong>oo.</strong></span> <span class='ocrx_word' id='word_1_4' title='bbox 1113 383 1193 470; x_wconf 76' lang='grc'><strong>365</strong></span> 
     </span>
    </p>
   </div>
   <div class='ocr_carea' id='block_1_2' title="bbox 118 555 1195 1075">
    <p class='ocr_par' dir='ltr' id='par_1_2' title="bbox 118 555 1195 1075">
     <span class='ocr_line' id='line_1_2' title="bbox 120 555 1195 648; baseline -0.001 -22"><span class='ocrx_word' id='word_1_5' title='bbox 120 556 197 626; x_wconf 85' lang='lat' dir='ltr'><strong>leoe</strong></span> <span class='ocrx_word' id='word_1_6' title='bbox 217 575 307 626; x_wconf 82' lang='lat' dir='ltr'><strong>eeroe</strong></span> <span class='ocrx_word' id='word_1_7' title='bbox 329 575 396 626; x_wconf 80' lang='lat' dir='ltr'><strong>eene</strong></span> <span class='ocrx_word' id='word_1_8' title='bbox 416 564 449 626; x_wconf 92' lang='lat' dir='ltr'><strong>et</strong></span> <span class='ocrx_word' id='word_1_9' title='bbox 467 559 573 645; x_wconf 76' lang='lat' dir='ltr'><strong>punlee</strong></span> <span class='ocrx_word' id='word_1_10' title='bbox 594 558 668 628; x_wconf 82' lang='lat' dir='ltr'><strong>eleoe</strong></span> <span class='ocrx_word' id='word_1_11' title='bbox 689 577 758 628; x_wconf 83' lang='lat' dir='ltr'><strong>erra</strong></span> <span class='ocrx_word' id='word_1_12' title='bbox 779 557 866 626; x_wconf 81' lang='lat' dir='ltr'><strong>leret</strong></span> <span class='ocrx_word' id='word_1_13' title='bbox 884 558 1025 648; x_wconf 85' lang='lat' dir='ltr'><strong>(periurii</strong></span> <span class='ocrx_word' id='word_1_14' title='bbox 1033 555 1195 640; x_wconf 80' lang='lat' dir='ltr'><strong>riulioee),</strong></span> 
     </span>
     <span class='ocr_line' id='line_1_3' title="bbox 118 645 1194 732; baseline 0 -21"><span class='ocrx_word' id='word_1_15' title='bbox 118 645 226 711; x_wconf 82' lang='lat' dir='ltr'><strong>ialeo</strong></span> <span class='ocrx_word' id='word_1_16' title='bbox 245 645 323 712; x_wconf 84' lang='lat' dir='ltr'><strong>tili</strong></span> <span class='ocrx_word' id='word_1_17' title='bbox 342 647 569 730; x_wconf 73' lang='lat' dir='ltr'><strong>peronellae.</strong></span> <span class='ocrx_word' id='word_1_18' title='bbox 588 650 652 713; x_wconf 70' lang='lat' dir='ltr'><strong>&#39;ull</strong></span> <span class='ocrx_word' id='word_1_19' title='bbox 671 649 719 712; x_wconf 93' lang='lat' dir='ltr'><strong>illi</strong></span> <span class='ocrx_word' id='word_1_20' title='bbox 740 647 895 732; x_wconf 81' lang='lat' dir='ltr'><strong>perillum</strong></span> <span class='ocrx_word' id='word_1_21' title='bbox 916 667 975 714; x_wconf 93' lang='lat' dir='ltr'><strong>non</strong></span> <span class='ocrx_word' id='word_1_22' title='bbox 996 656 1111 725; x_wconf 86' lang='lat' dir='ltr'><strong>uurout,</strong></span> <span class='ocrx_word' id='word_1_23' title='bbox 1134 645 1194 711; x_wconf 86' lang='lat' dir='ltr'><strong>ieto</strong></span> 
     </span>
     <span class='ocr_line' id='line_1_4' title="bbox 119 731 1194 818; baseline 0 -20"><span class='ocrx_word' id='word_1_24' title='bbox 119 749 193 798; x_wconf 82' lang='lat' dir='ltr'><strong>uero</strong></span> <span class='ocrx_word' id='word_1_25' title='bbox 220 732 352 798; x_wconf 83' lang='lat' dir='ltr'><strong>iortooee</strong></span> <span class='ocrx_word' id='word_1_26' title='bbox 377 735 436 796; x_wconf 88' lang='lat' dir='ltr'><strong>iam</strong></span> <span class='ocrx_word' id='word_1_27' title='bbox 465 733 556 798; x_wconf 87' lang='lat' dir='ltr'><strong>aliam</strong></span> <span class='ocrx_word' id='word_1_28' title='bbox 579 733 711 818; x_wconf 85' lang='lat' dir='ltr'><strong>puellam</strong></span> <span class='ocrx_word' id='word_1_29' title='bbox 737 734 917 798; x_wconf 81' lang='lat' dir='ltr'><strong>ademerit.“</strong></span> <span class='ocrx_word' id='word_1_30' title='bbox 979 734 1042 798; x_wconf 85' lang='lat' dir='ltr'><strong>lum</strong></span> <span class='ocrx_word' id='word_1_31' title='bbox 1072 731 1194 798; x_wconf 73' lang='lat' dir='ltr'><strong>rerba</strong></span> 
     </span>
     <span class='ocr_line' id='line_1_5' title="bbox 120 816 1193 902; baseline 0.002 -20"><span class='ocrx_word' id='word_1_32' title='bbox 120 820 279 900; x_wconf 77' lang='lat' dir='ltr'><strong>lingere</strong></span> <span class='ocrx_word' id='word_1_33' title='bbox 308 816 379 902; x_wconf 80' lang='lat' dir='ltr'><strong>quil</strong></span> <span class='ocrx_word' id='word_1_34' title='bbox 402 820 453 896; x_wconf 84' lang='lat' dir='ltr'><strong>eit,</strong></span> <span class='ocrx_word' id='word_1_35' title='bbox 479 819 605 885; x_wconf 77' lang='lat' dir='ltr'><strong>snllmt</strong></span> <span class='ocrx_word' id='word_1_36' title='bbox 630 819 718 886; x_wconf 75' lang='lat' dir='ltr'><strong>(louet</strong></span> <span class='ocrx_word' id='word_1_37' title='bbox 744 819 1003 902; x_wconf 72' lang='lat' dir='ltr'><strong>lng.x1v,oo.:</strong></span> <span class='ocrx_word' id='word_1_38' title='bbox 1030 818 1193 902; x_wconf 81' lang='lat' dir='ltr'><strong>liugero</strong></span> 
     </span>
     <span class='ocr_line' id='line_1_6' title="bbox 121 904 1194 989; baseline 0 -19"><span class='ocrx_word' id='word_1_39' title='bbox 121 923 169 970; x_wconf 84' lang='lat' dir='ltr'><strong>me</strong></span> <span class='ocrx_word' id='word_1_40' title='bbox 187 905 317 982; x_wconf 82' lang='lat' dir='ltr'><strong>nerle,</strong></span> <span class='ocrx_word' id='word_1_41' title='bbox 335 904 439 986; x_wconf 72' lang='lat' dir='ltr'><strong>iugem</strong></span> <span class='ocrx_word' id='word_1_42' title='bbox 458 906 644 972; x_wconf 76' lang='lat' dir='ltr'><strong>simulare</strong></span> <span class='ocrx_word' id='word_1_43' title='bbox 666 939 709 954; x_wconf 93' lang='lat'><em>-</em></span> <span class='ocrx_word' id='word_1_44' title='bbox 727 907 857 989; x_wconf 79' lang='lat' dir='ltr'><strong>nemque</strong></span> <span class='ocrx_word' id='word_1_45' title='bbox 872 905 980 970; x_wconf 85' lang='lat' dir='ltr'><strong>llioero</strong></span> <span class='ocrx_word' id='word_1_46' title='bbox 990 905 1107 984; x_wconf 82' lang='lat' dir='ltr'><strong>Fimll,</strong></span> <span class='ocrx_word' id='word_1_47' title='bbox 1122 909 1194 971; x_wconf 63' lang='lat' dir='ltr'><strong>lim</strong></span> 
     </span>
     <span class='ocr_line' id='line_1_7' title="bbox 120 990 1194 1075; baseline -0.002 -18"><span class='ocrx_word' id='word_1_48' title='bbox 120 990 241 1057; x_wconf 83' lang='lat' dir='ltr'><strong>rarle</strong></span> <span class='ocrx_word' id='word_1_49' title='bbox 260 1000 299 1055; x_wconf 88' lang='lat' dir='ltr'><strong>tu</strong></span> <span class='ocrx_word' id='word_1_50' title='bbox 319 991 449 1070; x_wconf 78' lang='lat' dir='ltr'><strong>lingue</strong></span> <span class='ocrx_word' id='word_1_51' title='bbox 472 1000 503 1058; x_wconf 91' lang='lat' dir='ltr'><strong>et</strong></span> <span class='ocrx_word' id='word_1_52' title='bbox 522 992 711 1072; x_wconf 70' lang='lat' dir='ltr'><strong>earlieao,</strong></span> <span class='ocrx_word' id='word_1_53' title='bbox 739 1011 817 1075; x_wconf 81' lang='lat' dir='ltr'><strong>puoe</strong></span> <span class='ocrx_word' id='word_1_54' title='bbox 836 1009 910 1056; x_wconf 94' lang='lat' dir='ltr'><strong>non</strong></span> <span class='ocrx_word' id='word_1_55' title='bbox 929 994 1092 1063; x_wconf 79' lang='lat' dir='ltr'><strong>sentiae.</strong></span> <span class='ocrx_word' id='word_1_56' title='bbox 1133 991 1194 1055; x_wconf 90' lang='lat' dir='ltr'><strong>ln·</strong></span> 
     </span>
    </p>
   </div>
   <div class='ocr_carea' id='block_1_3' title="bbox 119 1059 1326 1160">
    <p class='ocr_par' dir='ltr' id='par_1_3' title="bbox 119 1059 1326 1160">
     <span class='ocr_line' id='line_1_8' title="bbox 119 1059 1326 1160; baseline 0.002 -18"><span class='ocrx_word' id='word_1_57' title='bbox 119 1074 305 1142; x_wconf 77' lang='lat' dir='ltr'><strong>veniendi</strong></span> <span class='ocrx_word' id='word_1_58' title='bbox 337 1079 415 1142; x_wconf 90' lang='lat' dir='ltr'><strong>euim</strong></span> <span class='ocrx_word' id='word_1_59' title='bbox 451 1085 481 1144; x_wconf 85' lang='lat' dir='ltr'><strong>el</strong></span> <span class='ocrx_word' id='word_1_60' title='bbox 513 1077 684 1143; x_wconf 82' lang='lat' dir='ltr'><strong>lallenrli</strong></span> <span class='ocrx_word' id='word_1_61' title='bbox 710 1081 795 1143; x_wconf 87' lang='lat' dir='ltr'><strong>notio</strong></span> <span class='ocrx_word' id='word_1_62' title='bbox 829 1078 918 1142; x_wconf 84' lang='lat' dir='ltr'><strong>eimul</strong></span> <span class='ocrx_word' id='word_1_63' title='bbox 944 1087 1047 1160; x_wconf 87' lang='lat' dir='ltr'><strong>operte</strong></span> <span class='ocrx_word' id='word_1_64' title='bbox 1082 1076 1195 1144; x_wconf 76' lang='lat' dir='ltr'><strong>rubent.</strong></span> <span class='ocrx_word' id='word_1_65' title='bbox 1296 1059 1326 1105; x_wconf 59' lang='lat'><strong>¹·</strong></span> 
     </span>
    </p>
   </div>
   <div class='ocr_carea' id='block_1_4' title="bbox 119 1161 1195 1332">
    <p class='ocr_par' dir='ltr' id='par_1_4' title="bbox 119 1161 1195 1332">
     <span class='ocr_line' id='line_1_9' title="bbox 119 1161 1194 1248; baseline -0.004 -20"><span class='ocrx_word' id='word_1_66' title='bbox 119 1163 215 1246; x_wconf 80' lang='lat' dir='ltr'><strong>Quen</strong></span> <span class='ocrx_word' id='word_1_67' title='bbox 242 1171 340 1227; x_wconf 81' lang='lat' dir='ltr'><strong>eutem</strong></span> <span class='ocrx_word' id='word_1_68' title='bbox 369 1163 503 1247; x_wconf 83' lang='lat' dir='ltr'><strong>puella</strong></span> <span class='ocrx_word' id='word_1_69' title='bbox 531 1164 694 1247; x_wconf 82' lang='lat' dir='ltr'><strong>eimplex</strong></span> <span class='ocrx_word' id='word_1_70' title='bbox 719 1173 750 1230; x_wconf 84' lang='lat' dir='ltr'><strong>et</strong></span> <span class='ocrx_word' id='word_1_71' title='bbox 775 1163 901 1248; x_wconf 80' lang='lat' dir='ltr'><strong>decepto</strong></span> <span class='ocrx_word' id='word_1_72' title='bbox 933 1161 1082 1229; x_wconf 86' lang='lat' dir='ltr'><strong>lollere</strong></span> <span class='ocrx_word' id='word_1_73' title='bbox 1109 1161 1194 1238; x_wconf 80' lang='lat' dir='ltr'><strong>uelit,</strong></span> 
     </span>
     <span class='ocr_line' id='line_1_10' title="bbox 119 1248 1195 1332; baseline -0.002 -18"><span class='ocrx_word' id='word_1_74' title='bbox 119 1250 180 1314; x_wconf 84' lang='lat' dir='ltr'><strong>niei</strong></span> <span class='ocrx_word' id='word_1_75' title='bbox 204 1249 292 1332; x_wconf 79' lang='lat' dir='ltr'><strong>ipre</strong></span> <span class='ocrx_word' id='word_1_76' title='bbox 318 1248 384 1314; x_wconf 83' lang='lat' dir='ltr'><strong>eei</strong></span> <span class='ocrx_word' id='word_1_77' title='bbox 431 1249 496 1316; x_wconf 87' lang='lat' dir='ltr'><strong>lloe</strong></span> <span class='ocrx_word' id='word_1_78' title='bbox 519 1250 612 1331; x_wconf 78' lang='lat' dir='ltr'><strong>igitur</strong></span> <span class='ocrx_word' id='word_1_79' title='bbox 638 1251 698 1316; x_wconf 84' lang='lat' dir='ltr'><strong>ait:</strong></span> <span class='ocrx_word' id='word_1_80' title='bbox 725 1249 794 1330; x_wconf 82' lang='lat' dir='ltr'><strong>„Tu</strong></span> <span class='ocrx_word' id='word_1_81' title='bbox 822 1251 853 1315; x_wconf 92' lang='lat' dir='ltr'><strong>in</strong></span> <span class='ocrx_word' id='word_1_82' title='bbox 877 1248 1017 1314; x_wconf 79' lang='lat' dir='ltr'><strong>eulalium</strong></span> <span class='ocrx_word' id='word_1_83' title='bbox 1036 1250 1079 1314; x_wconf 90' lang='lat' dir='ltr'><strong>tui</strong></span> <span class='ocrx_word' id='word_1_84' title='bbox 1100 1249 1195 1315; x_wconf 80' lang='lat' dir='ltr'><strong>uerbo</strong></span> 
     </span>
    </p>
   </div>
   <div class='ocr_carea' id='block_1_5' title="bbox 119 1333 1310 1418">
    <p class='ocr_par' dir='ltr' id='par_1_5' title="bbox 119 1333 1310 1418">
     <span class='ocr_line' id='line_1_11' title="bbox 119 1333 1310 1418; baseline -0.003 -19"><span class='ocrx_word' id='word_1_85' title='bbox 119 1335 284 1418; x_wconf 85' lang='lat' dir='ltr'><strong>oomponio,</strong></span> <span class='ocrx_word' id='word_1_86' title='bbox 304 1352 343 1399; x_wconf 90' lang='lat' dir='ltr'><strong>ne</strong></span> <span class='ocrx_word' id='word_1_87' title='bbox 363 1333 507 1418; x_wconf 77' lang='lat' dir='ltr'><strong>perillum</strong></span> <span class='ocrx_word' id='word_1_88' title='bbox 528 1335 653 1401; x_wconf 85' lang='lat' dir='ltr'><strong>eredere</strong></span> <span class='ocrx_word' id='word_1_89' title='bbox 674 1347 837 1402; x_wconf 84' lang='lat' dir='ltr'><strong>amatorem</strong></span> <span class='ocrx_word' id='word_1_90' title='bbox 857 1337 1003 1402; x_wconf 79' lang='lat' dir='ltr'><strong>emonem</strong></span> <span class='ocrx_word' id='word_1_91' title='bbox 1015 1371 1053 1386; x_wconf 90' lang='lat'>-</span> <span class='ocrx_word' id='word_1_92' title='bbox 1072 1343 1106 1400; x_wconf 83' lang='lat' dir='ltr'><strong>at</strong></span> <span class='ocrx_word' id='word_1_93' title='bbox 1124 1333 1193 1398; x_wconf 87' lang='lat' dir='ltr'><strong>ina·</strong></span> <span class='ocrx_word' id='word_1_94' title='bbox 1303 1357 1310 1370; x_wconf 90' lang='lat'>·</span> 
     </span>
    </p>
   </div>
   <div class='ocr_carea' id='block_1_6' title="bbox 9 1421 1195 1765">
    <p class='ocr_par' dir='ltr' id='par_1_6' title="bbox 9 1421 1195 1679">
     <span class='ocr_line' id='line_1_12' title="bbox 120 1421 1195 1504; baseline 0 -19"><span class='ocrx_word' id='word_1_95' title='bbox 120 1423 173 1485; x_wconf 87' lang='lat' dir='ltr'><strong>nia</strong></span> <span class='ocrx_word' id='word_1_96' title='bbox 199 1428 285 1498; x_wconf 88' lang='lat' dir='ltr'><strong>eunt,</strong></span> <span class='ocrx_word' id='word_1_97' title='bbox 318 1437 396 1502; x_wconf 82' lang='lat' dir='ltr'><strong>quae</strong></span> <span class='ocrx_word' id='word_1_98' title='bbox 422 1428 519 1487; x_wconf 86' lang='lat' dir='ltr'><strong>leeon</strong></span> <span class='ocrx_word' id='word_1_99' title='bbox 547 1424 658 1501; x_wconf 71' lang='lat' dir='ltr'><strong>iootooe</strong></span> <span class='ocrx_word' id='word_1_100' title='bbox 683 1423 803 1488; x_wconf 81' lang='lat' dir='ltr'><strong>blendia</strong></span> <span class='ocrx_word' id='word_1_101' title='bbox 827 1421 1007 1504; x_wconf 71' lang='lat' dir='ltr'><strong>imaginibus</strong></span> <span class='ocrx_word' id='word_1_102' title='bbox 1036 1421 1134 1486; x_wconf 84' lang='lat' dir='ltr'><strong>eoleue</strong></span> <span class='ocrx_word' id='word_1_103' title='bbox 1160 1427 1195 1485; x_wconf 88' lang='lat' dir='ltr'><strong>to</strong></span> 
     </span>
     <span class='ocr_line' id='line_1_13' title="bbox 119 1505 1195 1594; baseline 0.001 -23"><span class='ocrx_word' id='word_1_104' title='bbox 119 1507 236 1572; x_wconf 81' lang='lat' dir='ltr'><strong>lollie.“</strong></span> <span class='ocrx_word' id='word_1_105' title='bbox 276 1505 323 1570; x_wconf 85' lang='lat' dir='ltr'><strong>Ila</strong></span> <span class='ocrx_word' id='word_1_106' title='bbox 343 1506 479 1590; x_wconf 88' lang='lat' dir='ltr'><strong>prolepei</strong></span> <span class='ocrx_word' id='word_1_107' title='bbox 501 1509 577 1573; x_wconf 89' lang='lat' dir='ltr'><strong>enim</strong></span> <span class='ocrx_word' id='word_1_108' title='bbox 599 1509 772 1590; x_wconf 83' lang='lat' dir='ltr'><strong>lortioeimu,</strong></span> <span class='ocrx_word' id='word_1_109' title='bbox 793 1525 872 1594; x_wconf 78' lang='lat' dir='ltr'><strong>poue</strong></span> <span class='ocrx_word' id='word_1_110' title='bbox 893 1507 1039 1576; x_wconf 70' lang='lat' dir='ltr'><strong>attributo</strong></span> <span class='ocrx_word' id='word_1_111' title='bbox 1059 1505 1195 1572; x_wconf 74' lang='lat' dir='ltr'><strong>inania</strong></span> 
     </span>
     <span class='ocr_line' id='line_1_14' title="bbox 9 1591 734 1679; baseline 0.014 -27"><span class='ocrx_word' id='word_1_112' title='bbox 9 1627 10 1652; x_wconf 46' lang='lat' dir='ltr'><strong>l</strong></span> <span class='ocrx_word' id='word_1_113' title='bbox 119 1595 297 1669; x_wconf 74' lang='lat' dir='ltr'>continetur,</span> <span class='ocrx_word' id='word_1_114' title='bbox 315 1591 376 1658; x_wconf 84' lang='lat' dir='ltr'><strong>uid.</strong></span> <span class='ocrx_word' id='word_1_115' title='bbox 398 1593 434 1674; x_wconf 81' lang='lat' dir='ltr'><strong>Q.</strong></span> <span class='ocrx_word' id='word_1_116' title='bbox 450 1593 485 1659; x_wconf 99' lang='grc' dir='ltr'><strong>Ρ.</strong></span> <span class='ocrx_word' id='word_1_117' title='bbox 507 1593 545 1672; x_wconf 92' lang='lat' dir='ltr'><strong>ll,</strong></span> <span class='ocrx_word' id='word_1_118' title='bbox 556 1599 588 1660; x_wconf 87' lang='grc'><strong>6.</strong></span> <span class='ocrx_word' id='word_1_119' title='bbox 608 1614 640 1679; x_wconf 93' lang='lat' dir='ltr'><strong>p.</strong></span> <span class='ocrx_word' id='word_1_120' title='bbox 662 1599 734 1662; x_wconf 88' lang='grc'><strong>140.</strong></span> 
     </span>
    </p>

    <p class='ocr_par' dir='ltr' id='par_1_7' title="bbox 9 1676 1195 1765">
     <span class='ocr_line' id='line_1_15' title="bbox 9 1676 1195 1765; baseline -0.004 -20"><span class='ocrx_word' id='word_1_121' title='bbox 9 1701 11 1712; x_wconf 92' lang='grc'><em>·</em></span> <span class='ocrx_word' id='word_1_122' title='bbox 219 1697 249 1744; x_wconf 87' lang='lat' dir='ltr'><strong>e.</strong></span> <span class='ocrx_word' id='word_1_123' title='bbox 270 1681 303 1743; x_wconf 88' lang='grc'><strong>6.</strong></span> <span class='ocrx_word' id='word_1_124' title='bbox 324 1685 430 1744; x_wconf 86' lang='lat' dir='ltr'><strong>terat</strong></span> <span class='ocrx_word' id='word_1_125' title='bbox 451 1679 524 1744; x_wconf 80' lang='lat' dir='ltr'><strong>libri</strong></span> <span class='ocrx_word' id='word_1_126' title='bbox 543 1679 656 1764; x_wconf 88' lang='lat' dir='ltr'><strong>optimi.</strong></span> <span class='ocrx_word' id='word_1_127' title='bbox 699 1676 852 1765; x_wconf 72' lang='lat' dir='ltr'><strong>llupneel</strong></span> <span class='ocrx_word' id='word_1_128' title='bbox 865 1679 1006 1746; x_wconf 85' lang='lat' dir='ltr'><strong>looolum</strong></span> <span class='ocrx_word' id='word_1_129' title='bbox 1024 1683 1123 1744; x_wconf 84' lang='lat' dir='ltr'><strong>tomen</strong></span> <span class='ocrx_word' id='word_1_130' title='bbox 1140 1682 1195 1741; x_wconf 88' lang='lat' dir='ltr'><strong>te-</strong></span> 
     </span>
    </p>
   </div>
   <div class='ocr_carea' id='block_1_7' title="bbox 9 1762 1223 2022">
    <p class='ocr_par' dir='ltr' id='par_1_8' title="bbox 9 1762 1223 2022">
     <span class='ocr_line' id='line_1_16' title="bbox 9 1762 1223 1850; baseline -0.002 -21"><span class='ocrx_word' id='word_1_131' title='bbox 9 1801 11 1816; x_wconf 70' lang='lat'><em>»</em></span> <span class='ocrx_word' id='word_1_132' title='bbox 117 1763 172 1829; x_wconf 88' lang='lat' dir='ltr'><strong>rit</strong></span> <span class='ocrx_word' id='word_1_133' title='bbox 199 1762 348 1828; x_wconf 73' lang='lat' dir='ltr'><strong>editiones</strong></span> <span class='ocrx_word' id='word_1_134' title='bbox 378 1765 514 1832; x_wconf 77' lang='lat' dir='ltr'><strong>obtinuit.</strong></span> <span class='ocrx_word' id='word_1_135' title='bbox 562 1768 601 1833; x_wconf 76' lang='lat' dir='ltr'><strong>At</strong></span> <span class='ocrx_word' id='word_1_136' title='bbox 628 1767 703 1831; x_wconf 88' lang='lat' dir='ltr'><strong>illul</strong></span> <span class='ocrx_word' id='word_1_137' title='bbox 722 1775 790 1850; x_wconf 85' lang='lat' dir='ltr'><strong>pool</strong></span> <span class='ocrx_word' id='word_1_138' title='bbox 809 1767 988 1850; x_wconf 70' lang='lat' dir='ltr'><strong>particulam</strong></span> <span class='ocrx_word' id='word_1_139' title='bbox 1013 1763 1195 1828; x_wconf 75' lang='lat' dir='ltr'><strong>luerim</strong></span> <span class='ocrx_word' id='word_1_140' title='bbox 1220 1779 1223 1784; x_wconf 80' lang='grc'>’</span> 
     </span>
     <span class='ocr_line' id='line_1_17' title="bbox 9 1846 1195 1938; baseline 0.002 -24"><span class='ocrx_word' id='word_1_141' title='bbox 9 1871 12 1888; x_wconf 89' lang='grc'><em>·</em></span> <span class='ocrx_word' id='word_1_142' title='bbox 118 1849 378 1933; x_wconf 74' lang='lat' dir='ltr'><strong>megioproprium</strong></span> <span class='ocrx_word' id='word_1_143' title='bbox 391 1869 467 1930; x_wconf 83' lang='lat' dir='ltr'><strong>eure,</strong></span> <span class='ocrx_word' id='word_1_144' title='bbox 487 1854 673 1933; x_wconf 68' lang='lat' dir='ltr'><strong>grammatici</strong></span> <span class='ocrx_word' id='word_1_145' title='bbox 686 1853 877 1938; x_wconf 78' lang='lat' dir='ltr'><strong>persuadent.</strong></span> <span class='ocrx_word' id='word_1_146' title='bbox 904 1846 1195 1934; x_wconf 60' lang='lat' dir='ltr'><strong>criminatum.</strong></span> 
     </span>
     <span class='ocr_line' id='line_1_18' title="bbox 9 1934 1089 2022; baseline 0.001 -21"><span class='ocrx_word' id='word_1_147' title='bbox 9 1959 12 1974; x_wconf 93' lang='lat'><em>·</em></span> <span class='ocrx_word' id='word_1_148' title='bbox 118 1953 150 2021; x_wconf 88' lang='lat' dir='ltr'><strong>p.</strong></span> <span class='ocrx_word' id='word_1_149' title='bbox 171 1940 248 2004; x_wconf 76' lang='grc'><strong>696.</strong></span> <span class='ocrx_word' id='word_1_150' title='bbox 268 1954 334 2000; x_wconf 88' lang='lat' dir='ltr'><strong>oum</strong></span> <span class='ocrx_word' id='word_1_151' title='bbox 350 1934 456 2001; x_wconf 87' lang='lat' dir='ltr'><strong>llaooii</strong></span> <span class='ocrx_word' id='word_1_152' title='bbox 477 1939 733 2004; x_wconf 73' lang='lat' dir='ltr'><strong>obseruationibus</strong></span> <span class='ocrx_word' id='word_1_153' title='bbox 756 1948 786 2004; x_wconf 88' lang='lat' dir='ltr'><strong>et</strong></span> <span class='ocrx_word' id='word_1_154' title='bbox 805 1941 938 2019; x_wconf 77' lang='lat' dir='ltr'><strong>llrllger.</strong></span> <span class='ocrx_word' id='word_1_155' title='bbox 959 1937 988 2022; x_wconf 83' lang='lat'><strong>§.</strong></span> <span class='ocrx_word' id='word_1_156' title='bbox 1011 1939 1089 2004; x_wconf 77' lang='grc'><strong>467.</strong></span> 
     </span>
    </p>
   </div>
   <div class='ocr_carea' id='block_1_8' title="bbox 116 2022 1196 2280">
    <p class='ocr_par' dir='ltr' id='par_1_9' title="bbox 116 2022 1196 2280">
     <span class='ocr_line' id='line_1_19' title="bbox 219 2022 1070 2107; baseline -0.005 -19"><span class='ocrx_word' id='word_1_157' title='bbox 219 2041 250 2088; x_wconf 86' lang='lat' dir='ltr'><strong>e.</strong></span> <span class='ocrx_word' id='word_1_158' title='bbox 271 2024 304 2087; x_wconf 83' lang='grc'><strong>6.</strong></span> <span class='ocrx_word' id='word_1_159' title='bbox 324 2023 370 2088; x_wconf 87' lang='lat' dir='ltr'><strong>Ile</strong></span> <span class='ocrx_word' id='word_1_160' title='bbox 391 2022 511 2088; x_wconf 87' lang='lat' dir='ltr'><strong>rlooto</strong></span> <span class='ocrx_word' id='word_1_161' title='bbox 534 2042 603 2092; x_wconf 83' lang='lat' dir='ltr'><strong>aro</strong></span> <span class='ocrx_word' id='word_1_162' title='bbox 623 2023 684 2091; x_wconf 82' lang='lat' dir='ltr'><strong>riti.</strong></span> <span class='ocrx_word' id='word_1_163' title='bbox 705 2026 743 2104; x_wconf 82' lang='lat' dir='ltr'><strong>Q.</strong></span> <span class='ocrx_word' id='word_1_164' title='bbox 760 2027 794 2091; x_wconf 93' lang='grc' dir='ltr'><strong>Ρ.</strong></span> <span class='ocrx_word' id='word_1_165' title='bbox 815 2025 840 2102; x_wconf 88' lang='grc'><strong>1,</strong></span> <span class='ocrx_word' id='word_1_166' title='bbox 859 2029 890 2091; x_wconf 94' lang='grc'><strong>6.</strong></span> <span class='ocrx_word' id='word_1_167' title='bbox 912 2042 943 2107; x_wconf 89' lang='lat' dir='ltr'><strong>p.</strong></span> <span class='ocrx_word' id='word_1_168' title='bbox 965 2025 1009 2088; x_wconf 83' lang='grc'><strong>68</strong></span> <span class='ocrx_word' id='word_1_169' title='bbox 1024 2040 1070 2105; x_wconf 83' lang='lat' dir='ltr'><strong>ep.</strong></span> 
     </span>
     <span class='ocr_line' id='line_1_20' title="bbox 218 2105 1196 2194; baseline -0.001 -21"><span class='ocrx_word' id='word_1_170' title='bbox 218 2126 249 2174; x_wconf 81' lang='lat' dir='ltr'><strong>r.</strong></span> <span class='ocrx_word' id='word_1_171' title='bbox 271 2112 322 2174; x_wconf 92' lang='lat' dir='ltr'><strong>ll.</strong></span> <span class='ocrx_word' id='word_1_172' title='bbox 343 2110 418 2175; x_wconf 89' lang='lat' dir='ltr'><strong>lliuo</strong></span> <span class='ocrx_word' id='word_1_173' title='bbox 432 2109 571 2194; x_wconf 71' lang='lat' dir='ltr'><strong>Scaliger</strong></span> <span class='ocrx_word' id='word_1_174' title='bbox 591 2127 697 2177; x_wconf 85' lang='lat' dir='ltr'><strong>nouom</strong></span> <span class='ocrx_word' id='word_1_175' title='bbox 712 2111 840 2192; x_wconf 77' lang='lat' dir='ltr'><strong>elegiam</strong></span> <span class='ocrx_word' id='word_1_176' title='bbox 856 2126 942 2174; x_wconf 84' lang='lat' dir='ltr'><strong>oreon</strong></span> <span class='ocrx_word' id='word_1_177' title='bbox 960 2116 1016 2173; x_wconf 85' lang='lat' dir='ltr'><strong>eet.</strong></span> <span class='ocrx_word' id='word_1_178' title='bbox 1058 2105 1196 2172; x_wconf 82' lang='lat' dir='ltr'><strong>l’roomr</strong></span> 
     </span>
     <span class='ocr_line' id='line_1_21' title="bbox 116 2191 1195 2280; baseline -0.002 -22"><span class='ocrx_word' id='word_1_179' title='bbox 116 2191 242 2260; x_wconf 74' lang='lat' dir='ltr'><strong>oneum</strong></span> <span class='ocrx_word' id='word_1_180' title='bbox 262 2193 365 2258; x_wconf 88' lang='lat' dir='ltr'><strong>luoob.</strong></span> <span class='ocrx_word' id='word_1_181' title='bbox 387 2195 512 2274; x_wconf 87' lang='lat' dir='ltr'><strong>eoilioet,</strong></span> <span class='ocrx_word' id='word_1_182' title='bbox 534 2197 606 2280; x_wconf 82' lang='lat' dir='ltr'><strong>quia</strong></span> <span class='ocrx_word' id='word_1_183' title='bbox 625 2199 663 2262; x_wconf 91' lang='lat' dir='ltr'><strong>iu·</strong></span> <span class='ocrx_word' id='word_1_184' title='bbox 678 2215 737 2262; x_wconf 92' lang='lat' dir='ltr'><strong>uuo</strong></span> <span class='ocrx_word' id='word_1_185' title='bbox 759 2197 891 2261; x_wconf 87' lang='lat' dir='ltr'><strong>oormine</strong></span> <span class='ocrx_word' id='word_1_186' title='bbox 913 2211 999 2260; x_wconf 84' lang='lat' dir='ltr'><strong>uemo</strong></span> <span class='ocrx_word' id='word_1_187' title='bbox 1020 2192 1083 2274; x_wconf 72' lang='lat' dir='ltr'><strong>legi</strong></span> <span class='ocrx_word' id='word_1_188' title='bbox 1097 2192 1195 2257; x_wconf 75' lang='lat' dir='ltr'><strong>leret:</strong></span> 
     </span>
    </p>
   </div>
   <div class='ocr_carea' id='block_1_9' title="bbox 10 2277 1196 2366">
    <p class='ocr_par' dir='ltr' id='par_1_10' title="bbox 10 2277 1196 2366">
     <span class='ocr_line' id='line_1_22' title="bbox 10 2277 1196 2366; baseline 0 -22"><span class='ocrx_word' id='word_1_189' title='bbox 10 2295 13 2335; x_wconf 71' lang='grc' dir='ltr'>ε</span> <span class='ocrx_word' id='word_1_190' title='bbox 117 2277 233 2356; x_wconf 70' lang='lat' dir='ltr'><strong>..illm</strong></span> <span class='ocrx_word' id='word_1_191' title='bbox 255 2297 338 2345; x_wconf 85' lang='lat' dir='ltr'><strong>ero=</strong></span> <span class='ocrx_word' id='word_1_192' title='bbox 366 2281 397 2345; x_wconf 94' lang='lat' dir='ltr'><strong>in</strong></span> <span class='ocrx_word' id='word_1_193' title='bbox 424 2291 543 2347; x_wconf 86' lang='lat' dir='ltr'><strong>noetroo</strong></span> <span class='ocrx_word' id='word_1_194' title='bbox 564 2299 680 2348; x_wconf 86' lang='lat' dir='ltr'><strong>eorre</strong></span> <span class='ocrx_word' id='word_1_195' title='bbox 699 2283 803 2366; x_wconf 79' lang='lat' dir='ltr'><strong>puelle</strong></span> <span class='ocrx_word' id='word_1_196' title='bbox 819 2283 924 2348; x_wconf 82' lang='lat' dir='ltr'><strong>toroa“</strong></span> <span class='ocrx_word' id='word_1_197' title='bbox 951 2289 982 2346; x_wconf 91' lang='lat' dir='ltr'><strong>et</strong></span> <span class='ocrx_word' id='word_1_198' title='bbox 1001 2279 1104 2355; x_wconf 73' lang='lat' dir='ltr'><strong>„Nau</strong></span> <span class='ocrx_word' id='word_1_199' title='bbox 1121 2277 1196 2344; x_wconf 88' lang='lat' dir='ltr'><strong>mili</strong></span> 
     </span>
    </p>
   </div>
   <div class='ocr_carea' id='block_1_10' title="bbox 115 2363 1238 2622">
    <p class='ocr_par' dir='ltr' id='par_1_11' title="bbox 115 2363 1238 2622">
     <span class='ocr_line' id='line_1_23' title="bbox 116 2363 1238 2454; baseline 0.001 -28"><span class='ocrx_word' id='word_1_200' title='bbox 116 2366 216 2450; x_wconf 83' lang='lat' dir='ltr'><strong>prime</strong></span> <span class='ocrx_word' id='word_1_201' title='bbox 232 2367 342 2430; x_wconf 85' lang='lat' dir='ltr'><strong>renit“</strong></span> <span class='ocrx_word' id='word_1_202' title='bbox 389 2367 452 2432; x_wconf 82' lang='lat' dir='ltr'><strong>Suel</strong></span> <span class='ocrx_word' id='word_1_203' title='bbox 478 2371 668 2454; x_wconf 74' lang='lat' dir='ltr'><strong>praeclaram</strong></span> <span class='ocrx_word' id='word_1_204' title='bbox 695 2387 732 2434; x_wconf 90' lang='lat' dir='ltr'><strong>eo</strong></span> <span class='ocrx_word' id='word_1_205' title='bbox 750 2371 838 2454; x_wconf 79' lang='lat' dir='ltr'><strong>ipro,</strong></span> <span class='ocrx_word' id='word_1_206' title='bbox 867 2366 948 2452; x_wconf 84' lang='lat' dir='ltr'><strong>quoi</strong></span> <span class='ocrx_word' id='word_1_207' title='bbox 965 2365 1030 2434; x_wconf 81' lang='lat' dir='ltr'><strong>W.</strong></span> <span class='ocrx_word' id='word_1_208' title='bbox 1049 2363 1116 2428; x_wconf 84' lang='lat' dir='ltr'><strong>llll.</strong></span> <span class='ocrx_word' id='word_1_209' title='bbox 1137 2365 1195 2428; x_wconf 87' lang='lat' dir='ltr'><strong>im·</strong></span> <span class='ocrx_word' id='word_1_210' title='bbox 1225 2403 1238 2426; x_wconf 81' lang='grc'><strong>.</strong></span> 
     </span>
     <span class='ocr_line' id='line_1_24' title="bbox 115 2451 1195 2538; baseline 0.003 -25"><span class='ocrx_word' id='word_1_211' title='bbox 115 2451 331 2534; x_wconf 77' lang='lat' dir='ltr'><strong>probauerunt,</strong></span> <span class='ocrx_word' id='word_1_212' title='bbox 351 2462 446 2518; x_wconf 85' lang='lat' dir='ltr'><strong>ortem</strong></span> <span class='ocrx_word' id='word_1_213' title='bbox 468 2473 615 2538; x_wconf 88' lang='lat' dir='ltr'><strong>apparere</strong></span> <span class='ocrx_word' id='word_1_214' title='bbox 635 2455 706 2520; x_wconf 87' lang='lat' dir='ltr'><strong>ooll.</strong></span> <span class='ocrx_word' id='word_1_215' title='bbox 727 2456 765 2535; x_wconf 81' lang='lat' dir='ltr'><strong>Q.</strong></span> <span class='ocrx_word' id='word_1_216' title='bbox 785 2457 821 2521; x_wconf 96' lang='grc' dir='ltr'><strong>Ρ.</strong></span> <span class='ocrx_word' id='word_1_217' title='bbox 840 2454 880 2532; x_wconf 81' lang='lat' dir='ltr'><strong>ll,</strong></span> <span class='ocrx_word' id='word_1_218' title='bbox 901 2454 933 2519; x_wconf 74' lang='grc'><strong>4.</strong></span> <span class='ocrx_word' id='word_1_219' title='bbox 954 2469 985 2534; x_wconf 88' lang='lat' dir='ltr'><strong>p.</strong></span> <span class='ocrx_word' id='word_1_220' title='bbox 1008 2453 1062 2516; x_wconf 82' lang='grc'><strong>66.</strong></span> <span class='ocrx_word' id='word_1_221' title='bbox 1089 2467 1195 2516; x_wconf 81' lang='lat' dir='ltr'><strong>manue</strong></span> 
     </span>
     <span class='ocr_line' id='line_1_25' title="bbox 118 2536 1196 2622; baseline 0.001 -22"><span class='ocrx_word' id='word_1_222' title='bbox 118 2536 220 2604; x_wconf 78' lang='lat' dir='ltr'><strong>(lobio.</strong></span> <span class='ocrx_word' id='word_1_223' title='bbox 260 2539 310 2616; x_wconf 77' lang='lat' dir='ltr'><strong>At,</strong></span> <span class='ocrx_word' id='word_1_224' title='bbox 329 2546 363 2603; x_wconf 89' lang='lat' dir='ltr'><strong>ut</strong></span> <span class='ocrx_word' id='word_1_225' title='bbox 382 2539 475 2620; x_wconf 73' lang='lat' dir='ltr'><strong>volgo</strong></span> <span class='ocrx_word' id='word_1_226' title='bbox 496 2541 539 2617; x_wconf 84' lang='lat' dir='ltr'><strong>rit,</strong></span> <span class='ocrx_word' id='word_1_227' title='bbox 559 2543 693 2622; x_wconf 79' lang='lat' dir='ltr'><strong>requitur</strong></span> <span class='ocrx_word' id='word_1_228' title='bbox 712 2559 788 2606; x_wconf 85' lang='lat' dir='ltr'><strong>roro</strong></span> <span class='ocrx_word' id='word_1_229' title='bbox 800 2539 922 2606; x_wconf 75' lang='lat' dir='ltr'><strong>viliam</strong></span> <span class='ocrx_word' id='word_1_230' title='bbox 962 2537 1038 2602; x_wconf 82' lang='lat' dir='ltr'><strong>ilem</strong></span> <span class='ocrx_word' id='word_1_231' title='bbox 1054 2544 1196 2620; x_wconf 83' lang='lat' dir='ltr'><strong>utapeum</strong></span> 
     </span>
    </p>
   </div>
   <div class='ocr_carea' id='block_1_11' title="bbox 7 2623 1197 2883">
    <p class='ocr_par' dir='ltr' id='par_1_12' title="bbox 7 2623 1197 2883">
     <span class='ocr_line' id='line_1_26' title="bbox 7 2623 1196 2709; baseline 0.002 -23"><span class='ocrx_word' id='word_1_232' title='bbox 7 2632 13 2686; x_wconf 81' lang='lat' dir='ltr'><strong>t</strong></span> <span class='ocrx_word' id='word_1_233' title='bbox 118 2625 191 2689; x_wconf 82' lang='lat' dir='ltr'><strong>nori</strong></span> <span class='ocrx_word' id='word_1_234' title='bbox 210 2623 349 2688; x_wconf 80' lang='lat' dir='ltr'><strong>terminio</strong></span> <span class='ocrx_word' id='word_1_235' title='bbox 368 2625 483 2688; x_wconf 84' lang='lat' dir='ltr'><strong>initium</strong></span> <span class='ocrx_word' id='word_1_236' title='bbox 503 2635 673 2709; x_wconf 83' lang='lat' dir='ltr'><strong>peraretur,</strong></span> <span class='ocrx_word' id='word_1_237' title='bbox 694 2625 823 2692; x_wconf 80' lang='lat' dir='ltr'><strong>‹lintielna</strong></span> <span class='ocrx_word' id='word_1_238' title='bbox 835 2625 973 2708; x_wconf 84' lang='lat' dir='ltr'><strong>proxima</strong></span> <span class='ocrx_word' id='word_1_239' title='bbox 996 2625 1056 2700; x_wconf 81' lang='lat' dir='ltr'><strong>(ru.</strong></span> <span class='ocrx_word' id='word_1_240' title='bbox 1073 2625 1124 2687; x_wconf 89' lang='lat' dir='ltr'><strong>ll.</strong></span> <span class='ocrx_word' id='word_1_241' title='bbox 1142 2626 1196 2688; x_wconf 73' lang='lat'><strong>12.</strong></span> 
     </span>
     <span class='ocr_line' id='line_1_27' title="bbox 7 2707 1197 2793; baseline -0.004 -16"><span class='ocrx_word' id='word_1_242' title='bbox 7 2715 8 2724; x_wconf 78' lang='grc'>’</span> <span class='ocrx_word' id='word_1_243' title='bbox 119 2713 174 2776; x_wconf 78' lang='lat'><strong>13.</strong></span> <span class='ocrx_word' id='word_1_244' title='bbox 191 2713 258 2790; x_wconf 90' lang='grc'><strong>14.)</strong></span> <span class='ocrx_word' id='word_1_245' title='bbox 281 2708 416 2774; x_wconf 84' lang='lat' dir='ltr'><strong>ordinem</strong></span> <span class='ocrx_word' id='word_1_246' title='bbox 436 2719 551 2776; x_wconf 72' lang='lat' dir='ltr'><strong>maure</strong></span> <span class='ocrx_word' id='word_1_247' title='bbox 563 2713 703 2793; x_wconf 83' lang='lat' dir='ltr'><strong>Souliger</strong></span> <span class='ocrx_word' id='word_1_248' title='bbox 722 2713 912 2778; x_wconf 83' lang='lat' dir='ltr'><strong>Laolnmanno</strong></span> <span class='ocrx_word' id='word_1_249' title='bbox 931 2707 1113 2789; x_wconf 78' lang='lat' dir='ltr'><strong>eullreganle</strong></span> <span class='ocrx_word' id='word_1_250' title='bbox 1132 2708 1197 2772; x_wconf 86' lang='lat' dir='ltr'><strong>iue-</strong></span> 
     </span>
     <span class='ocr_line' id='line_1_28' title="bbox 7 2790 1197 2883; baseline 0 -25"><span class='ocrx_word' id='word_1_251' title='bbox 7 2805 10 2810; x_wconf 85' lang='grc'>’</span> <span class='ocrx_word' id='word_1_252' title='bbox 119 2797 170 2859; x_wconf 82' lang='lat' dir='ltr'><strong>eit</strong></span> <span class='ocrx_word' id='word_1_253' title='bbox 199 2798 239 2861; x_wconf 80' lang='lat' dir='ltr'><strong>At</strong></span> <span class='ocrx_word' id='word_1_254' title='bbox 260 2797 327 2879; x_wconf 83' lang='lat' dir='ltr'><strong>quie</strong></span> <span class='ocrx_word' id='word_1_255' title='bbox 348 2797 503 2861; x_wconf 88' lang='lat' dir='ltr'><strong>immanem</strong></span> <span class='ocrx_word' id='word_1_256' title='bbox 523 2797 608 2861; x_wconf 92' lang='lat' dir='ltr'><strong>illum</strong></span> <span class='ocrx_word' id='word_1_257' title='bbox 628 2790 870 2883; x_wconf 76' lang='grc' dir='ltr'><strong><em>ἀναχρονισμὸν</em></strong></span> <span class='ocrx_word' id='word_1_258' title='bbox 885 2811 982 2878; x_wconf 78' lang='lat' dir='ltr'><strong>aequo</strong></span> <span class='ocrx_word' id='word_1_259' title='bbox 995 2795 1094 2859; x_wconf 78' lang='lat' dir='ltr'><strong>eninm</strong></span> <span class='ocrx_word' id='word_1_260' title='bbox 1114 2793 1197 2860; x_wconf 90' lang='lat' dir='ltr'><strong>tole-</strong></span> 
     </span>
    </p>
   </div>
   <div class='ocr_carea' id='block_1_12' title="bbox 118 2876 1197 3138">
    <p class='ocr_par' dir='ltr' id='par_1_13' title="bbox 118 2876 1197 3138">
     <span class='ocr_line' id='line_1_29' title="bbox 118 2876 1196 2964; baseline -0.003 -18"><span class='ocrx_word' id='word_1_261' title='bbox 118 2883 178 2956; x_wconf 85' lang='lat' dir='ltr'><strong>rit,</strong></span> <span class='ocrx_word' id='word_1_262' title='bbox 205 2889 239 2944; x_wconf 90' lang='lat' dir='ltr'><strong>ut</strong></span> <span class='ocrx_word' id='word_1_263' title='bbox 265 2890 358 2964; x_wconf 80' lang='lat' dir='ltr'><strong>poete</strong></span> <span class='ocrx_word' id='word_1_264' title='bbox 376 2883 502 2964; x_wconf 84' lang='lat' dir='ltr'><strong>primum</strong></span> <span class='ocrx_word' id='word_1_265' title='bbox 530 2883 660 2949; x_wconf 82' lang='lat' dir='ltr'><strong>interdiu</strong></span> <span class='ocrx_word' id='word_1_266' title='bbox 685 2883 827 2948; x_wconf 87' lang='lat' dir='ltr'><strong>Lunum</strong></span> <span class='ocrx_word' id='word_1_267' title='bbox 845 2881 990 2959; x_wconf 81' lang='lat' dir='ltr'><strong>odeooet,</strong></span> <span class='ocrx_word' id='word_1_268' title='bbox 1015 2878 1126 2948; x_wconf 75' lang='lat' dir='ltr'><strong>‹leiulle</strong></span> <span class='ocrx_word' id='word_1_269' title='bbox 1154 2876 1196 2944; x_wconf 77' lang='lat' dir='ltr'><strong>eo</strong></span> 
     </span>
     <span class='ocr_line' id='line_1_30' title="bbox 118 2965 1196 3052; baseline -0.004 -18"><span class='ocrx_word' id='word_1_270' title='bbox 118 2967 312 3034; x_wconf 75' lang='lat' dir='ltr'><strong>Phoebum</strong></span> <span class='ocrx_word' id='word_1_271' title='bbox 339 2984 516 3045; x_wconf 86' lang='lat' dir='ltr'><strong>oonuereue‚</strong></span> <span class='ocrx_word' id='word_1_272' title='bbox 535 2978 568 3035; x_wconf 89' lang='lat' dir='ltr'><strong>ut</strong></span> <span class='ocrx_word' id='word_1_273' title='bbox 588 2969 637 3034; x_wconf 90' lang='lat' dir='ltr'><strong>illi</strong></span> <span class='ocrx_word' id='word_1_274' title='bbox 655 2969 725 3034; x_wconf 86' lang='lat' dir='ltr'><strong>loeo</strong></span> <span class='ocrx_word' id='word_1_275' title='bbox 745 2969 834 3034; x_wconf 78' lang='lat' dir='ltr'><strong>aedat</strong></span> <span class='ocrx_word' id='word_1_276' title='bbox 859 2974 1014 3052; x_wconf 87' lang='lat' dir='ltr'><strong>preoetur,</strong></span> <span class='ocrx_word' id='word_1_277' title='bbox 1042 2965 1101 3030; x_wconf 81' lang='lat' dir='ltr'><strong>iam</strong></span> <span class='ocrx_word' id='word_1_278' title='bbox 1120 2981 1196 3031; x_wconf 86' lang='lat' dir='ltr'><strong>eero</strong></span> 
     </span>
     <span class='ocr_line' id='line_1_31' title="bbox 119 3049 1197 3138; baseline 0 -22"><span class='ocrx_word' id='word_1_279' title='bbox 119 3053 228 3117; x_wconf 87' lang='lat' dir='ltr'><strong>iterum</strong></span> <span class='ocrx_word' id='word_1_280' title='bbox 244 3053 282 3118; x_wconf 83' lang='lat' dir='ltr'><strong>le</strong></span> <span class='ocrx_word' id='word_1_281' title='bbox 302 3055 456 3119; x_wconf 84' lang='lat' dir='ltr'><strong>nooturuie</strong></span> <span class='ocrx_word' id='word_1_282' title='bbox 479 3057 598 3138; x_wconf 69' lang='lat' dir='ltr'><strong>gaudiis</strong></span> <span class='ocrx_word' id='word_1_283' title='bbox 616 3055 783 3138; x_wconf 78' lang='lat' dir='ltr'><strong>loquatur?</strong></span> <span class='ocrx_word' id='word_1_284' title='bbox 811 3055 928 3120; x_wconf 78' lang='lat' dir='ltr'><strong>Deinde</strong></span> <span class='ocrx_word' id='word_1_285' title='bbox 948 3070 988 3117; x_wconf 88' lang='lat' dir='ltr'><strong>ne</strong></span> <span class='ocrx_word' id='word_1_286' title='bbox 1009 3051 1054 3117; x_wconf 85' lang='lat' dir='ltr'><strong>aio</strong></span> <span class='ocrx_word' id='word_1_287' title='bbox 1075 3049 1197 3136; x_wconf 79' lang='lat' dir='ltr'><strong>quiden</strong></span> 
     </span>
    </p>
   </div>
   <div class='ocr_carea' id='block_1_13' title="bbox 7 3137 1197 3397">
    <p class='ocr_par' dir='ltr' id='par_1_14' title="bbox 7 3137 1197 3397">
     <span class='ocr_line' id='line_1_32' title="bbox 7 3137 1171 3225; baseline -0.001 -21"><span class='ocrx_word' id='word_1_288' title='bbox 7 3167 12 3204; x_wconf 68' lang='grc' dir='ltr'><strong><em>ι</em></strong></span> <span class='ocrx_word' id='word_1_289' title='bbox 118 3139 243 3220; x_wconf 73' lang='lat' dir='ltr'><strong>singule</strong></span> <span class='ocrx_word' id='word_1_290' title='bbox 258 3140 351 3204; x_wconf 82' lang='lat' dir='ltr'><strong>uerba</strong></span> <span class='ocrx_word' id='word_1_291' title='bbox 377 3141 490 3206; x_wconf 82' lang='lat' dir='ltr'><strong>intaeta</strong></span> <span class='ocrx_word' id='word_1_292' title='bbox 509 3160 630 3207; x_wconf 84' lang='lat' dir='ltr'><strong>mouere</strong></span> <span class='ocrx_word' id='word_1_293' title='bbox 650 3159 751 3225; x_wconf 81' lang='lat' dir='ltr'><strong>poree,</strong></span> <span class='ocrx_word' id='word_1_294' title='bbox 776 3143 900 3208; x_wconf 76' lang='lat' dir='ltr'><strong>Loolm.</strong></span> <span class='ocrx_word' id='word_1_295' title='bbox 922 3147 1005 3204; x_wconf 83' lang='lat' dir='ltr'><strong>reete</strong></span> <span class='ocrx_word' id='word_1_296' title='bbox 1032 3155 1123 3222; x_wconf 74' lang='lat' dir='ltr'><strong>persp</strong></span> <span class='ocrx_word' id='word_1_297' title='bbox 1163 3137 1171 3154; x_wconf 85' lang='lat'>&#39;</span> 
     </span>
     <span class='ocr_line' id='line_1_33' title="bbox 7 3225 1142 3311; baseline 0.001 -22"><span class='ocrx_word' id='word_1_298' title='bbox 7 3253 11 3297; x_wconf 67' lang='lat' dir='ltr'><strong>t</strong></span> <span class='ocrx_word' id='word_1_299' title='bbox 119 3227 174 3308; x_wconf 82' lang='lat' dir='ltr'><strong>qui</strong></span> <span class='ocrx_word' id='word_1_300' title='bbox 192 3232 225 3289; x_wconf 88' lang='lat' dir='ltr'><strong>ut</strong></span> <span class='ocrx_word' id='word_1_301' title='bbox 243 3225 322 3292; x_wconf 66' lang='lat' dir='ltr'><strong>uam</strong></span> <span class='ocrx_word' id='word_1_302' title='bbox 342 3225 434 3290; x_wconf 77' lang='lat' dir='ltr'><strong>semel</strong></span> <span class='ocrx_word' id='word_1_303' title='bbox 453 3227 616 3293; x_wconf 78' lang='lat' dir='ltr'><strong>institutum</strong></span> <span class='ocrx_word' id='word_1_304' title='bbox 636 3237 877 3311; x_wconf 77' lang='lat' dir='ltr'><strong>persequeretur,</strong></span> <span class='ocrx_word' id='word_1_305' title='bbox 898 3243 973 3291; x_wconf 86' lang='lat' dir='ltr'><strong>nere</strong></span> <span class='ocrx_word' id='word_1_306' title='bbox 993 3225 1025 3289; x_wconf 91' lang='lat' dir='ltr'><strong>in</strong></span> <span class='ocrx_word' id='word_1_307' title='bbox 1044 3241 1142 3307; x_wconf 76' lang='lat' dir='ltr'><strong>angue</strong></span> 
     </span>
     <span class='ocr_line' id='line_1_34' title="bbox 7 3309 1197 3397; baseline -0.007 -15"><span class='ocrx_word' id='word_1_308' title='bbox 7 3345 9 3382; x_wconf 76' lang='grc' dir='ltr'><strong>ι</strong></span> <span class='ocrx_word' id='word_1_309' title='bbox 120 3311 161 3378; x_wconf 83' lang='lat' dir='ltr'><strong>ab</strong></span> <span class='ocrx_word' id='word_1_310' title='bbox 182 3312 250 3396; x_wconf 81' lang='lat' dir='ltr'><strong>ipro</strong></span> <span class='ocrx_word' id='word_1_311' title='bbox 274 3312 333 3376; x_wconf 87' lang='lat' dir='ltr'><strong>eibi</strong></span> <span class='ocrx_word' id='word_1_312' title='bbox 351 3313 472 3378; x_wconf 85' lang='lat' dir='ltr'><strong>etrootie</strong></span> <span class='ocrx_word' id='word_1_313' title='bbox 490 3315 640 3392; x_wconf 76' lang='lat' dir='ltr'><strong>haereret,</strong></span> <span class='ocrx_word' id='word_1_314' title='bbox 659 3332 717 3397; x_wconf 94' lang='lat' dir='ltr'><strong>pro</strong></span> <span class='ocrx_word' id='word_1_315' title='bbox 738 3314 829 3379; x_wconf 79' lang='lat' dir='ltr'><strong>lato</strong></span> <span class='ocrx_word' id='word_1_316' title='bbox 848 3321 1022 3396; x_wconf 81' lang='lat' dir='ltr'><strong>tempora</strong></span> <span class='ocrx_word' id='word_1_317' title='bbox 1041 3343 1085 3360; x_wconf 92' lang='grc'><strong>-</strong></span> <span class='ocrx_word' id='word_1_318' title='bbox 1104 3309 1197 3375; x_wconf 81' lang='lat' dir='ltr'><strong>l&#39;oto</strong></span> 
     </span>
    </p>
   </div>
   <div class='ocr_carea' id='block_1_14' title="bbox 119 3397 1270 3998">
    <p class='ocr_par' dir='ltr' id='par_1_15' title="bbox 119 3397 1270 3998">
     <span class='ocr_line' id='line_1_35' title="bbox 119 3397 1198 3484; baseline -0.004 -20"><span class='ocrx_word' id='word_1_319' title='bbox 119 3407 315 3478; x_wconf 81' lang='lat' dir='ltr'><strong>tempora,</strong></span> <span class='ocrx_word' id='word_1_320' title='bbox 343 3397 453 3465; x_wconf 81' lang='lat' dir='ltr'><strong>deinde</strong></span> <span class='ocrx_word' id='word_1_321' title='bbox 472 3418 547 3482; x_wconf 82' lang='lat' dir='ltr'><strong>pro:</strong></span> <span class='ocrx_word' id='word_1_322' title='bbox 574 3401 630 3466; x_wconf 79' lang='lat' dir='ltr'><strong>&#39;lu</strong></span> <span class='ocrx_word' id='word_1_323' title='bbox 656 3417 812 3484; x_wconf 78' lang='lat' dir='ltr'><strong>quoque</strong></span> <span class='ocrx_word' id='word_1_324' title='bbox 838 3400 902 3483; x_wconf 85' lang='lat' dir='ltr'><strong>qul</strong></span> <span class='ocrx_word' id='word_1_325' title='bbox 921 3429 965 3443; x_wconf 90' lang='lat'>-</span> <span class='ocrx_word' id='word_1_326' title='bbox 986 3398 1139 3478; x_wconf 77' lang='lat' dir='ltr'><strong>Tuque,</strong></span> <span class='ocrx_word' id='word_1_327' title='bbox 1166 3411 1198 3474; x_wconf 86' lang='lat' dir='ltr'><strong>o,</strong></span> 
     </span>
     <span class='ocr_line' id='line_1_36' title="bbox 121 3481 1197 3570; baseline -0.001 -24"><span class='ocrx_word' id='word_1_328' title='bbox 121 3484 190 3566; x_wconf 79' lang='lat' dir='ltr'><strong>qui</strong></span> <span class='ocrx_word' id='word_1_329' title='bbox 209 3485 375 3549; x_wconf 78' lang='lat' dir='ltr'><strong>reeoriltere</strong></span> <span class='ocrx_word' id='word_1_330' title='bbox 388 3495 510 3550; x_wconf 84' lang='lat' dir='ltr'><strong>ooootue</strong></span> <span class='ocrx_word' id='word_1_331' title='bbox 523 3495 579 3552; x_wconf 84' lang='lat' dir='ltr'><strong>eet</strong></span> <span class='ocrx_word' id='word_1_332' title='bbox 607 3488 647 3551; x_wconf 81' lang='grc'><strong>41</strong></span> <span class='ocrx_word' id='word_1_333' title='bbox 659 3489 769 3570; x_wconf 92' lang='lat' dir='ltr'><strong>optime</strong></span> <span class='ocrx_word' id='word_1_334' title='bbox 781 3487 865 3552; x_wconf 79' lang='lat' dir='ltr'><strong>lilt&#39;ri.</strong></span> <span class='ocrx_word' id='word_1_335' title='bbox 890 3485 965 3551; x_wconf 82' lang='lat' dir='ltr'><strong>l’oot</strong></span> <span class='ocrx_word' id='word_1_336' title='bbox 977 3483 1107 3567; x_wconf 80' lang='lat' dir='ltr'><strong>puellum</strong></span> <span class='ocrx_word' id='word_1_337' title='bbox 1118 3481 1197 3546; x_wconf 87' lang='lat' dir='ltr'><strong>enim</strong></span> 
     </span>
     <span class='ocr_line' id='line_1_37' title="bbox 120 3569 1198 3656; baseline -0.003 -21"><span class='ocrx_word' id='word_1_338' title='bbox 120 3569 235 3648; x_wconf 77' lang='lat' dir='ltr'><strong>Solem,</strong></span> <span class='ocrx_word' id='word_1_339' title='bbox 257 3579 417 3634; x_wconf 84' lang='lat' dir='ltr'><strong>utenreum</strong></span> <span class='ocrx_word' id='word_1_340' title='bbox 433 3571 591 3651; x_wconf 79' lang='lat' dir='ltr'><strong>acceleret,</strong></span> <span class='ocrx_word' id='word_1_341' title='bbox 612 3576 862 3656; x_wconf 86' lang='lat' dir='ltr'><strong>poetalortatur.</strong></span> <span class='ocrx_word' id='word_1_342' title='bbox 905 3572 1090 3651; x_wconf 79' lang='lat' dir='ltr'><strong>Quamquam</strong></span> <span class='ocrx_word' id='word_1_343' title='bbox 1102 3569 1198 3647; x_wconf 84' lang='lat' dir='ltr'><strong>illum,</strong></span> 
     </span>
     <span class='ocr_line' id='line_1_38' title="bbox 121 3656 1197 3742; baseline -0.003 -20"><span class='ocrx_word' id='word_1_344' title='bbox 121 3657 151 3722; x_wconf 87' lang='lat' dir='ltr'><strong>ei</strong></span> <span class='ocrx_word' id='word_1_345' title='bbox 177 3656 295 3737; x_wconf 75' lang='lat' dir='ltr'><strong>legibue</strong></span> <span class='ocrx_word' id='word_1_346' title='bbox 319 3665 461 3735; x_wconf 75' lang='lat' dir='ltr'><strong>nomene,</strong></span> <span class='ocrx_word' id='word_1_347' title='bbox 487 3675 548 3723; x_wconf 90' lang='lat' dir='ltr'><strong>non</strong></span> <span class='ocrx_word' id='word_1_348' title='bbox 577 3661 720 3724; x_wconf 69' lang='lat' dir='ltr'><strong>amatorie</strong></span> <span class='ocrx_word' id='word_1_349' title='bbox 748 3659 888 3742; x_wconf 82' lang='lat' dir='ltr'><strong>praeilue</strong></span> <span class='ocrx_word' id='word_1_350' title='bbox 913 3656 1079 3741; x_wconf 84' lang='lat' dir='ltr'><strong>perenuium</strong></span> <span class='ocrx_word' id='word_1_351' title='bbox 1107 3663 1197 3734; x_wconf 75' lang='lat' dir='ltr'><strong>meet,</strong></span> 
     </span>
     <span class='ocr_line' id='line_1_39' title="bbox 119 3742 1197 3823; baseline -0.002 -15"><span class='ocrx_word' id='word_1_352' title='bbox 119 3744 284 3823; x_wconf 78' lang='lat' dir='ltr'><strong>longine</strong></span> <span class='ocrx_word' id='word_1_353' title='bbox 312 3753 493 3809; x_wconf 70' lang='lat' dir='ltr'><strong>moraturum</strong></span> <span class='ocrx_word' id='word_1_354' title='bbox 521 3762 669 3810; x_wconf 83' lang='lat' dir='ltr'><strong>euoenon</strong></span> <span class='ocrx_word' id='word_1_355' title='bbox 690 3746 842 3810; x_wconf 85' lang='lat' dir='ltr'><strong>lilitelur.</strong></span> <span class='ocrx_word' id='word_1_356' title='bbox 893 3743 941 3808; x_wconf 82' lang='lat' dir='ltr'><strong>lte</strong></span> <span class='ocrx_word' id='word_1_357' title='bbox 963 3761 1020 3807; x_wconf 81' lang='lat' dir='ltr'><strong>uro</strong></span> <span class='ocrx_word' id='word_1_358' title='bbox 1039 3742 1116 3808; x_wconf 84' lang='lat' dir='ltr'><strong>enim</strong></span> <span class='ocrx_word' id='word_1_359' title='bbox 1136 3743 1197 3806; x_wconf 85' lang='lat' dir='ltr'><strong>lroo</strong></span> 
     </span>
     <span class='ocr_line' id='line_1_40' title="bbox 119 3827 1270 3914; baseline -0.004 -20"><span class='ocrx_word' id='word_1_360' title='bbox 119 3829 275 3914; x_wconf 85' lang='lat' dir='ltr'><strong>participii</strong></span> <span class='ocrx_word' id='word_1_361' title='bbox 287 3827 381 3893; x_wconf 87' lang='lat' dir='ltr'><strong>iuturi</strong></span> <span class='ocrx_word' id='word_1_362' title='bbox 393 3830 616 3911; x_wconf 77' lang='lat' dir='ltr'><strong>elegentieeimo</strong></span> <span class='ocrx_word' id='word_1_363' title='bbox 635 3831 698 3899; x_wconf 78' lang='lat' dir='ltr'><strong>nli.</strong></span> <span class='ocrx_word' id='word_1_364' title='bbox 712 3832 788 3914; x_wconf 73' lang='lat' dir='ltr'><strong>Ql’.</strong></span> <span class='ocrx_word' id='word_1_365' title='bbox 803 3830 923 3914; x_wconf 65' lang='grc' dir='ltr'><strong>ΠΜ.</strong></span> <span class='ocrx_word' id='word_1_366' title='bbox 938 3833 1012 3894; x_wconf 87' lang='grc'><strong>141.</strong></span> <span class='ocrx_word' id='word_1_367' title='bbox 1032 3829 1197 3894; x_wconf 75' lang='lat' dir='ltr'><strong>lentate</strong></span> <span class='ocrx_word' id='word_1_368' title='bbox 1268 3881 1270 3888; x_wconf 88' lang='grc'><strong>.</strong></span> 
     </span>
     <span class='ocr_line' id='line_1_41' title="bbox 120 3915 1198 3998; baseline -0.001 -18"><span class='ocrx_word' id='word_1_369' title='bbox 120 3923 220 3980; x_wconf 83' lang='lat' dir='ltr'><strong>autem</strong></span> <span class='ocrx_word' id='word_1_370' title='bbox 241 3917 380 3997; x_wconf 74' lang='lat' dir='ltr'><strong>seriptum</strong></span> <span class='ocrx_word' id='word_1_371' title='bbox 410 3933 476 3980; x_wconf 83' lang='lat' dir='ltr'><strong>eree</strong></span> <span class='ocrx_word' id='word_1_372' title='bbox 496 3916 554 3982; x_wconf 86' lang='lat' dir='ltr'><strong>loo</strong></span> <span class='ocrx_word' id='word_1_373' title='bbox 578 3935 698 3984; x_wconf 86' lang='lat' dir='ltr'><strong>oormeu</strong></span> <span class='ocrx_word' id='word_1_374' title='bbox 719 3918 757 3996; x_wconf 80' lang='lat' dir='ltr'><strong>Q.</strong></span> <span class='ocrx_word' id='word_1_375' title='bbox 774 3917 807 3982; x_wconf 95' lang='grc' dir='ltr'><strong>Ρ.</strong></span> <span class='ocrx_word' id='word_1_376' title='bbox 826 3918 851 3995; x_wconf 90' lang='lat' dir='ltr'><strong>l,</strong></span> <span class='ocrx_word' id='word_1_377' title='bbox 871 3920 904 3983; x_wconf 88' lang='grc'><strong>4.</strong></span> <span class='ocrx_word' id='word_1_378' title='bbox 923 3931 956 3998; x_wconf 87' lang='lat' dir='ltr'><strong>p.</strong></span> <span class='ocrx_word' id='word_1_379' title='bbox 977 3917 1029 3980; x_wconf 88' lang='grc'><strong>16.</strong></span> <span class='ocrx_word' id='word_1_380' title='bbox 1051 3915 1198 3979; x_wconf 76' lang='lat' dir='ltr'><strong>anserm-</strong></span> 
     </span>
    </p>
   </div>
   <div class='ocr_carea' id='block_1_15' title="bbox 117 3999 1198 4435">
    <p class='ocr_par' dir='ltr' id='par_1_16' title="bbox 117 3999 1198 4344">
     <span class='ocr_line' id='line_1_42' title="bbox 118 3999 1197 4089; baseline -0.002 -21"><span class='ocrx_word' id='word_1_381' title='bbox 118 4002 226 4068; x_wconf 79' lang='lat' dir='ltr'><strong>riouue.</strong></span> <span class='ocrx_word' id='word_1_382' title='bbox 268 4001 384 4065; x_wconf 78' lang='lat' dir='ltr'><strong>nolula</strong></span> <span class='ocrx_word' id='word_1_383' title='bbox 410 4000 501 4069; x_wconf 81' lang='lat' dir='ltr'><strong>liuto</strong></span> <span class='ocrx_word' id='word_1_384' title='bbox 521 4013 696 4089; x_wconf 80' lang='lat' dir='ltr'><strong>temporo</strong></span> <span class='ocrx_word' id='word_1_385' title='bbox 717 4003 856 4080; x_wconf 86' lang='lat' dir='ltr'><strong>uootie‚</strong></span> <span class='ocrx_word' id='word_1_386' title='bbox 881 4000 973 4086; x_wconf 82' lang='lat' dir='ltr'><strong>puori,</strong></span> <span class='ocrx_word' id='word_1_387' title='bbox 1000 3999 1118 4084; x_wconf 84' lang='lat' dir='ltr'><strong>eipout</strong></span> <span class='ocrx_word' id='word_1_388' title='bbox 1139 4015 1197 4082; x_wconf 71' lang='lat' dir='ltr'><strong>ge·</strong></span> 
     </span>
     <span class='ocr_line' id='line_1_43' title="bbox 117 4085 1197 4174; baseline -0.006 -18"><span class='ocrx_word' id='word_1_389' title='bbox 117 4089 242 4156; x_wconf 79' lang='lat' dir='ltr'><strong>uitieum</strong></span> <span class='ocrx_word' id='word_1_390' title='bbox 257 4095 292 4152; x_wconf 88' lang='lat' dir='ltr'><strong>ut</strong></span> <span class='ocrx_word' id='word_1_391' title='bbox 310 4087 403 4168; x_wconf 77' lang='lat' dir='ltr'><strong>uulgo</strong></span> <span class='ocrx_word' id='word_1_392' title='bbox 425 4087 458 4152; x_wconf 85' lang='lat' dir='ltr'><strong>lt</strong></span> <span class='ocrx_word' id='word_1_393' title='bbox 476 4089 596 4170; x_wconf 71' lang='lat' dir='ltr'><strong>ringula</strong></span> <span class='ocrx_word' id='word_1_394' title='bbox 615 4091 895 4174; x_wconf 72' lang='lat' dir='ltr'><strong>interpungeretur,</strong></span> <span class='ocrx_word' id='word_1_395' title='bbox 925 4104 986 4152; x_wconf 87' lang='lat' dir='ltr'><strong>non</strong></span> <span class='ocrx_word' id='word_1_396' title='bbox 1006 4085 1197 4152; x_wconf 78' lang='lat' dir='ltr'><strong>tolerandam</strong></span> 
     </span>
     <span class='ocr_line' id='line_1_44' title="bbox 119 4173 1198 4260; baseline -0.003 -20"><span class='ocrx_word' id='word_1_397' title='bbox 119 4175 256 4240; x_wconf 80' lang='lat' dir='ltr'><strong>eliceret</strong></span> <span class='ocrx_word' id='word_1_398' title='bbox 272 4174 383 4258; x_wconf 81' lang='lat' dir='ltr'><strong>priario</strong></span> <span class='ocrx_word' id='word_1_399' title='bbox 401 4175 523 4239; x_wconf 80' lang='lat' dir='ltr'><strong>mentri</strong></span> <span class='ocrx_word' id='word_1_400' title='bbox 541 4177 759 4260; x_wconf 75' lang='lat' dir='ltr'><strong>repetitionem,</strong></span> <span class='ocrx_word' id='word_1_401' title='bbox 781 4174 968 4243; x_wconf 75' lang='lat' dir='ltr'><strong>ououoetirue</strong></span> <span class='ocrx_word' id='word_1_402' title='bbox 981 4173 1126 4260; x_wconf 76' lang='lat' dir='ltr'><strong>temporie</strong></span> <span class='ocrx_word' id='word_1_403' title='bbox 1140 4177 1198 4252; x_wconf 83' lang='lat' dir='ltr'><strong>eet,</strong></span> 
     </span>
     <span class='ocr_line' id='line_1_45' title="bbox 118 4259 603 4344; baseline -0.004 -14"><span class='ocrx_word' id='word_1_404' title='bbox 118 4279 160 4329; x_wconf 81' lang='lat' dir='ltr'><strong>ex</strong></span> <span class='ocrx_word' id='word_1_405' title='bbox 179 4261 273 4328; x_wconf 82' lang='lat' dir='ltr'><strong>uerbo</strong></span> <span class='ocrx_word' id='word_1_406' title='bbox 292 4261 440 4324; x_wconf 83' lang='lat' dir='ltr'><strong>morari</strong></span> <span class='ocrx_word' id='word_1_407' title='bbox 459 4259 603 4344; x_wconf 85' lang='lat' dir='ltr'><strong>penlene.</strong></span> 
     </span>
    </p>

    <p class='ocr_par' dir='ltr' id='par_1_17' title="bbox 137 4343 1196 4435">
     <span class='ocr_line' id='line_1_46' title="bbox 137 4343 1196 4435; baseline -0.005 -21"><span class='ocrx_word' id='word_1_408' title='bbox 137 4373 142 4382; x_wconf 95' lang='lat'>·</span> <span class='ocrx_word' id='word_1_409' title='bbox 223 4363 251 4414; x_wconf 85' lang='lat' dir='ltr'><strong>r.</strong></span> <span class='ocrx_word' id='word_1_410' title='bbox 274 4349 326 4413; x_wconf 85' lang='lat' dir='ltr'><strong>ll.</strong></span> <span class='ocrx_word' id='word_1_411' title='bbox 354 4345 401 4414; x_wconf 84' lang='lat' dir='ltr'><strong>lio</strong></span> <span class='ocrx_word' id='word_1_412' title='bbox 418 4345 530 4414; x_wconf 79' lang='lat' dir='ltr'><strong>tanniu</strong></span> <span class='ocrx_word' id='word_1_413' title='bbox 549 4345 735 4435; x_wconf 82' lang='lat' dir='ltr'><strong>uuplloiiitue</strong></span> <span class='ocrx_word' id='word_1_414' title='bbox 761 4349 811 4416; x_wconf 88' lang='lat' dir='ltr'><strong>llo</strong></span> <span class='ocrx_word' id='word_1_415' title='bbox 830 4347 885 4434; x_wconf 76' lang='lat' dir='ltr'><strong>ogi</strong></span> <span class='ocrx_word' id='word_1_416' title='bbox 904 4349 989 4414; x_wconf 81' lang='lat' dir='ltr'><strong>reolo</strong></span> <span class='ocrx_word' id='word_1_417' title='bbox 1014 4343 1196 4427; x_wconf 76' lang='lat' dir='ltr'><strong>inrupere·</strong></span> 
     </span>
    </p>
   </div>
   <div class='ocr_carea' id='block_1_16' title="bbox 0 0 1462 4920">
    <p class='ocr_par' dir='ltr' id='par_1_18' title="bbox 0 0 1462 4920">
     <span class='ocr_line' id='line_1_47' title="bbox 0 0 1462 4920; baseline 0 0"><span class='ocrx_word' id='word_1_418' title='bbox 0 0 1462 4920; x_wconf 95' lang='lat' dir='ltr'><strong> </strong></span> 
     </span>
    </p>
   </div>
  </div>
 </body>
</html>
