2870 4922
196 373 250 452 ¹72
520 368 781 440 Commentarius
800 367 843 434 in‘
857 368 952 457 Prop.

308 538 469 604 dixerit.
490 537 579 601 Ferri
599 552 659 601 non
677 553 778 618 posse,
800 533 1012 616 qnod'plurimi
1032 534 1105 600 libri
1122 538 1216 622 iique
1238 557 1295 604 sa·

204 625 244 692 tle
264 625 506 708 bonipraebent,
527 623 691 699 dixerat,
711 631 822 685 uermnn
845 631 898 698 est,
919 621 1062 702 quidquid
1084 636 1195 689 eontra
1215 626 1297 689 Kei-

206 711 423 794 liusdisputat,
445 712 497 790 qui
517 707 935 791 plusquamperfectum
954 727 1011 791 pro
1024 710 1150 793 simplici
1169 731 1295 794 prae·

205 799 345 876 terito,
364 797 477 861 meseia
504 796 612 876 quibus
639 793 793 857 calumniis
815 793 956 856 adhibitis
977 798 1104 876 positum
1130 815 1205 861 esse
1233 819 1297 881 pu·

176 893 289 966 ,μαι
340 886 381 946 nt
407 899 555 963 nunquam
583 881 708 945 Latinus
737 897 834 942 sermo
859 890 1021 962 temporum
1047 901 1131 946 nsum
1159 886 1212 949 ita
1236 887 1298 948 mi·

207 971 287 1034 seeri
314 985 420 1051 passus
446 978 501 1044 est.
547 966 593 1031 Gi.
616 984 720 1030 enmm.
749 963 790 1028 ad
812 965 860 1029 El.
889 965 920 1040 l,
943 972 998 1042 ll,
1022 971 1074 1032 29.
1123 972 1162 1032 At
1197 989 1298 1035 error

205 1055 301 1122 Keilii
329 1054 400 1119 inde
427 1065 528 1130 natus,
556 1052 636 1135 quod
662 1053 790 1116 datiuum
818 1051 948 1132 Minyis,
987 1071 1074 1134 quem
1105 1071 1170 1119 oum
1202 1059 1296 1121 adie-

118 1201 124 1214 .
206 1144 286 1207 otius
315 1138 489 1205 erudelis
517 1143 701 1219 coniungere
726 1137 871 1214 debebat,
907 1137 946 1201 ud
974 1140 1095 1208 n'erbnm
1129 1141 1295 1210 dixerit

205 1227 332 1293 rettulit.
379 1227 436 1290 llie
457 1243 529 1289 sero
551 1224 654 1288 modus
677 1233 723 1288 est
739 1223 930 1306 potentialis,
950 1243 1008 1305 quo
1039 1243 1104 1288 eum
1124 1228 1297 1306 modestia,

195 1314 398 1396 ·enqne,ipsn
423 1311 530 1378 lortius
562 1330 650 1392 quarn
680 1309 841 1375 indicativa
870 1309 920 1386 lit,
956 1329 1129 1376 asseterare
1164 1315 1294 1397 aliquid

207 1401 349 1464 solemus.
386 1397 482 1462 llere
512 1397 606 1478 igitur
626 1398 772 1462 sententia
798 1403 857 1459 est:
883 1397 1062 1477 imprudenti
1081 1403 1195 1464 amanti
1218 1402 1294 1464 lor-

205 1495 305 1550 tnnam
343 1499 453 1548 nouere
477 1485 623 1548 Ascanius
661 1479 807 1559 (erudelis
840 1480 911 1543 olim
935 1482 1061 1564 Minyis)
1098 1484 1295 1552 donuerit

206 1573 272 1650 (tel
298 1570 474 1648 doceat);
490 1571 524 1632 ·i.
554 1588 582 1634 e.
610 1587 670 1632 non
694 1566 782 1631 modo
809 1574 879 1630 tuno
899 1565 1016 1645 docuit,
1046 1569 1100 1632 sed
1129 1591 1234 1637 nuno
1258 1585 1292 1639 et

204 1659 285 1721 euni
311 1668 455 1740 tempore.
503 1655 581 1720 ilino
608 1664 719 1720 mutato
745 1653 866 1718 nomine
883 1653 921 1717 de
947 1665 978 1720 ta
1005 1673 1125 1739 poaque
1144 1659 1291 1724 fabulam

204 1744 326 1810 narrari
347 1749 502 1806 memento.
887 1741 889 1748 ’

296 1847 335 1892 ἰ.
357 1833 388 1894 6.
410 1829 563 1911 proximus
582 1823 703 1891 arder
720 1823 858 1907 llylae:
881 1832 927 1889 est
943 1825 998 1890 tibi
1013 1833 1112 1907 p'ner
1133 1839 1292 1895 amatus

203 1913 371 1977 simillimus
392 1915 523 1978 etdsnie
551 1920 581 1977 et
606 1913 725 1978 nomine
745 1911 853 1994 llylae.
895 1910 942 1976 bt.
964 1912 1002 1990 Q.
1024 1911 1059 1976 Ρ.
1080 1913 1119 1991 ll,
1141 1919 1172 1980 6.
1197 1935 1225 1980 s.
1248 1917 1292 1982 Η.

203 2001 220 2078 5
307 2018 463 2150 ιΡῚ-θ,
478 2083 623 2151 siluae.
648 2065 872 2146 'Laobmannus
887 2079 1075 2161 Souligerum
1088 2095 1209 2151 secutus
1234 2107 1293 2152 nn-

197 2189 262 2254 ⁴per
289 2171 406 2252 reeepit
430 2171 553 2235 Silae
602 2167 665 2233 Sed
701 2169 847 2232 Anieui
872 2168 948 2230 nibil
976 2179 1021 2232 est
1053 2187 1118 2234 oum
1145 2172 1291 2240 Bruttiis.

157 2263 163 2274 ’
205 2257 429 2321 Remotissimas
458 2265 556 2319 antem
583 2253 692 2318 ltaliae
713 2257 854 2335 regiones
876 2271 1067 2333 enumerare,
1095 2257 1170 2321 nibil
1199 2259 1291 2324 aliud

205 2343 303 2419 leret,
338 2343 399 2406 uisi
429 2343 632 2406 tuaussimum
660 2342 759 2405 tonum
785 2339 889 2422 putida
918 2339 1054 2404 doctrine
1079 2357 1291 2429 eomunpere.

205 2429 362 2494 Sententia
380 2429 480 2510 patius
496 2429 571 2492 baec
594 2433 651 2489 est:
682 2426 753 2492 Sine
772 2435 805 2491 ta
819 2425 946 2489 bominis
967 2428 1062 2508 ripam
1089 2431 1226 2510 cymba
1242 2433 1292 2496 le·
1419 2465 1420 2512 t

206 2532 279 2596 ges,
300 2517 363 2578 sire
389 2517 457 2596 ipso
478 2515 597 2576 llnmine
619 2513 790 2588 natsbis,
823 2513 886 2576 sine
907 2514 1159 2594 spatiaberin
1179 2519 1214 2581 in
1236 2519 1291 2583 lit·
1419 2519 1420 2566 ἶ

206 2611 292 2666 tere:
324 2601 450 2684 perinde
479 2598 642 2663 uerendum
664 2616 684 2660 a
705 2598 818 2679 rapinis
846 2599 1048 2679 nympharum.
1101 2601 1176 2666 llam
1195 2608 1229 2667 in
1253 2621 1291 2668 ra
1419 2611 1420 2652 t

206 2688 328 2750 nautica
348 2688 469 2751 uerbum
489 2687 628 2766 legere
649 2687 812 2765 proprium.
861 2684 947 2749 Serv.
967 2683 1005 2746 ad
1022 2685 1107 2766 virg.
1131 2687 1205 2754 beu.
1231 2691 1290 2766 lll,

119 2823 124 2830 .
209 2777 297 2837 lez:
319 2772 515 2852 Legimus,
532 2773 739 2855 praeterimus.
783 2771 911 2834 Traetus
931 2787 1028 2834 sermo
1042 2789 1061 2832 a
1075 2774 1183 2850 nuntie,
1202 2775 1291 2858 quod

206 2860 308 2924 lunam
328 2857 467 2939 legendo,
488 2860 511 2924 i.
533 2875 559 2923 e.
580 2856 764 2937 suffigendo,
781 2856 972 2938 asperalnan
984 2865 1187 2937 praetereunt.
1232 2865 1290 2925 At-

209 2947 260 3030 qui
283 2963 341 3026 ego
363 2947 551 3010 uehementer
573 2942 686 3019 dubito,
709 2943 880 3008 auritulus
902 2943 956 3006 ille
976 2945 1111 3008 Bruttiae
1133 2964 1171 3008 ne
1191 2965 1290 3030 epm·

209 3032 316 3096 bulis
349 3031 469 3112 quidem
497 3031 679 3111 navigabilis
705 3030 808 3092 luerit.
858 3029 996 3094 Ceterum
1024 3047 1061 3092 ne
1089 3049 1187 3113 aequa
1213 3051 1289 3116 par·

207 3120 280 3182 tium
299 3117 468 3182 distributio
483 3117 679 3190 desideretur,
699 3119 756 3180 boo
777 3114 961 3191 monendum,
982 3116 1135 3191 Anienem,
1157 3119 1208 3200 qui
1225 3139 1290 3182 ma·

209 3205 289 3268 ximo
312 3205 399 3267 alreo
418 3222 492 3266 arta
518 3212 625 3285 aperta
644 3212 674 3264 et
693 3201 840 3265 viridaria
861 3201 942 3264 nnlte
962 3205 1204 3282 praeterlabitur,
1233 3206 1289 3267 sil-

208 3308 265 3354 uae
291 3289 459 3352 dominibus
488 3305 548 3350 non
578 3288 734 3352 anutiueri.
785 3285 910 3348 Nomine
931 3295 1028 3348 antem
1059 3307 1088 3369 q.
1112 3287 1141 3352 d.
1160 3291 1287 3373 proprio

208 3375 242 3439 iu
270 3376 382 3438 talibus
413 3373 614 3439 divisionibus·
638 3391 697 3436 non
721 3389 796 3453 opus
827 3388 893 3432 esse
920 3381 952 3434 nt
981 3373 1059 3436 iusta
1088 3379 1287 3441 membrorum

209 3461 367 3544 proportio
390 3459 547 3552 ellieiatnr,
567 3457 616 3524 El.
636 3457 662 3536 l,
684 3461 734 3522 14.
756 3456 806 3519 dn.
831 3457 926 3532 docet,
947 3459 1000 3520 ubi
1021 3475 1076 3540 pro
1100 3462 1174 3526 boo:

724 3609 778 3646 nort
794 3595 872 3646 tella
888 3593 997 3647 uerebor

408 3665 517 3734 'nemim
534 3679 580 3724 reo
597 3663 740 3717 Alcinoi
758 3677 896 3716 munere
913 3663 1046 3732 despicere
1063 3691 1098 3703 -

210 3801 409 3870 lderllandus
430 3804 534 3870 endem
555 3803 593 3869 de
615 3821 716 3879 oense,
736 3801 789 3866 sed
811 3803 922 3867 iniuria
942 3805 1080 3873 tentarit:
1101 3821 1161 3867 non
1179 3803 1289 3886 Lyda

211 3891 341 3954 uerebor
360 3899 431 3956 neit.
465 3890 570 3956 Simile
599 3899 697 3954 autem
727 3887 843 3972 aliquid
871 3887 981 3954 oceidit
1008 3891 1077 3953 loeo
1105 3891 1285 3954 'lbeneriteo

211 3977 293 4054 lllll,
316 3981 368 4042 53.
411 3972 475 4060 Μή
493 3995 554 4057 μοι
573 3973 633 4058 γᾶν
645 3969 817 4053 Πέλοπος,
838 3968 884 4059 μή
904 3995 964 4055 μοι
983 3968 1121 4063 χρύσεια
1140 3972 1288 4038 τάλαντα

212 4095 256 4110 -
282 4064 335 4126 ubi
357 4061 494 4125 Pierson.
525 4061 656 4143 quamuis
685 4061 856 4142 ingeniose,
890 4061 994 4124 eadem
1029 4071 1126 4125 tamen
1165 4061 1287 4124 lieentia

212 4141 378 4232 Kpoe'noeo
407 4139 555 4222 τάλαντα
584 4149 725 4228 reposuit.
751 4182 793 4194 -
842 4145 945 4210 llune
973 4183 1015 4195 -
1045 4148 1197 4229 cupidis
1225 4163 1288 4210 ra·
1419 4151 1420 4162 ¹

213 4233 329 4314 pinis.
371 4231 531 4297 Fauillima
552 4233 716 4296 mutatione
742 4251 798 4314 pro
828 4233 936 4296 iluna
964 4251 1002 4297 ex
1022 4233 1127 4298 dursti
1148 4232 1287 4296 emende-

214 4319 297 4386 tinne
317 4319 413 4388 iluio
435 4317 545 4386 editum
559 4320 683 4402 primunr
706 4319 939 4386 aBroukbasin.
983 4318 1186 4402 ilemplurimi
1200 4317 1287 4384 eniti.
