2812 4918
596 335 694 425 erog.
716 333 775 416 nv,
804 339 831 400 r.
958 425 961 440 1
1176 331 1253 412 eet

276 527 304 574 r.
323 513 356 575 9.
377 507 459 588 Quo
473 543 515 558 -
529 509 700 572 sustulit.
729 509 935 576 nannenus
953 507 1107 574 lleindum
1128 517 1247 574 secutas

173 613 213 662 ex
224 611 283 658 nno
298 595 392 661 Vatic.
405 596 554 676 reposuit:
576 597 668 673 Qua,
685 605 720 658 ut
737 596 926 670 ‚‚snstulit
938 613 978 658 se
999 613 1058 658 acn
1071 586 1246 680 siops'ossoci

173 681 229 747 sed
250 682 376 764 propria
395 682 538 763 temporis
559 681 684 762 perlecti
704 680 765 744 τοῦ
784 676 913 744 τελείου
933 677 1110 754 ἐνεστῶτος
1131 680 1245 760 signid-

173 769 310 832 catione“
331 769 588 849 interpretaretur.
631 765 717 845 Quod
740 784 796 830 ncs
817 785 936 849 quoque
953 767 1024 830 olim
1045 767 1244 848 probavimus.

173 855 249 920 Nau
262 854 393 918 Brouils.
407 855 562 929 rationem,
583 853 634 936 spui
650 862 719 934 pust
731 854 896 917 sustulit
918 853 1140 922 exclamationis
1157 854 1243 933 signe
1296 895 1300 904 -

173 940 372 1022 interpunxit,
400 941 459 1002 iam
478 939 549 1002 ideo
569 939 644 1002 ierri
663 957 723 1003 noa
742 957 848 1021 posse,
871 938 953 1020 qnod
975 939 1128 1004 llomnli
1150 955 1255 1023 casa

173 1036 242 1110 past
264 1027 328 1088 eins
345 1035 481 1108 temporo
503 1043 562 1088 nou
584 1024 675 1088 altior
695 1027 785 1100 iacta
805 1024 859 1088 sed
881 1028 911 1087 in
926 1027 1096 1088 memorium
1114 1026 1243 1089 teuninm

172 1111 334 1194 aliquando
356 1111 555 1176 Romanarum
584 1129 693 1186 rernm,
717 1112 804 1175 sicuti
823 1111 930 1186 inerat,
957 1112 1101 1192 religiose
1121 1126 1244 1173 conser-

173 1208 243 1263 uata
263 1207 352 1273 esset,
370 1207 456 1260 acuto
477 1197 556 1260 idem
575 1198 781 1260 Lachmanuus
803 1199 983 1260 observarit.
1026 1197 1152 1260 lacobus
1168 1211 1242 1261 reso

173 1284 323 1368 quomodo
345 1302 411 1346 eam
432 1301 520 1366 qnam
533 1285 564 1346 in
585 1284 794 1346 commentario
814 1285 914 1364 poscit
932 1283 1121 1346 sententiam:
1143 1281 1242 1360 „an
1314 1360 1317 1367 r

1 1375 7 1396 ''
91 1445 93 1456 Ι
172 1387 252 1433 nunc
272 1369 416 1449 preditus
445 1370 524 1433 itur
552 1367 590 1432 ad
611 1369 726 1432 domum
746 1370 833 1434 utam
855 1369 983 1444 Romuli,
1007 1369 1073 1432 illio
1095 1369 1243 1450 qnondam

173 1458 287 1536 regni
300 1457 607 1520 continebantur
626 1456 758 1532 lines“,
775 1457 863 1519 istam
877 1456 968 1536 igitur
981 1455 1155 1518 sententiam
1167 1471 1243 1534 qno·

173 1543 260 1604 modo
290 1560 329 1608 ex
354 1552 463 1624 poetae
487 1543 586 1606 seritis
619 1541 769 1617 elicuerit,
804 1540 884 1604 laud
911 1540 1048 1622 equidem
1082 1541 1241 1622 perspicio.

172 1627 250 1692 llam
279 1629 306 1691 si
334 1627 496 1691 sustulit
521 1629 566 1690 ita
586 1628 800 1708 perlectum
836 1646 866 1707 p.
887 1627 916 1690 d.
942 1644 1130 1708 praeseus
1153 1635 1243 1700 esset,

173 1721 207 1777 ut
231 1716 309 1778 cunni
337 1714 479 1796 temporis
509 1723 540 1777 et
562 1705 681 1777 'tnotns
701 1713 919 1793 significatione
940 1712 1059 1776 sublata
1082 1711 1156 1774 nilil
1175 1711 1242 1776 lere

173 1799 268 1864 uellet
294 1802 351 1863 nisi
377 1799 580 1876 „sublimis
613 1801 711 1864 est“:
748 1799 830 1876 Qua
860 1815 918 1860 non
949 1799 1026 1874 Quo
1054 1797 1242 1861 scribendum

172 1885 267 1950 fuisse
294 1895 392 1969 patet:
428 1887 473 1947 sin
499 1887 612 1960 minus,
646 1883 818 1948 tollendi
839 1893 970 1960 ,actum
1005 1885 1089 1948 cuius
1116 1883 1182 1946 finis
1212 1889 1242 1947 el

174 1981 337 2036 euentus
357 1971 509 2053 praesenti
521 1979 654 2052 tempore
666 1980 846 2044 cerneretur,
867 1977 954 2051 post
975 1969 1057 2033 illam
1073 1970 1242 2034 remisisse

171 2075 296 2122 necesse
318 2067 407 2133 esset,
429 2075 505 2138 qnae
525 2075 603 2142 rens.
624 2058 791 2137 insequenti
808 2075 863 2137 per
881 2055 1083 2138 imperfectam
1096 2065 1242 2136 tamquam

172 2153 323 2218 anteacta,
343 2153 372 2207 et
393 2143 476 2206 nulla
497 2159 562 2204 cum
583 2145 733 2223 praesenti
754 2143 910 2218 relatione,
934 2141 1123 2218 describitur,
1149 2141 1243 2204 hacce

171 2233 334 2294 sententia:
364 2231 430 2307 Quo
452 2231 587 2310 (postca)
611 2228 713 2291 domus
734 2227 817 2292 llemi
840 2247 874 2290 se
895 2227 1013 2291 sustulit
1031 2229 1122 2308 (qnae
1142 2241 1242 2292 nnnc
1287 2305 1294 2315 ἱ

169 2316 236 2380 illic
257 2325 327 2396 est),
348 2317 392 2378 idi
411 2314 483 2378 olim
503 2315 590 2378 iocus
611 2323 676 2378 crat
696 2322 768 2380 cett.¹
807 2314 900 2393 Quam
916 2331 1085 2394 perversam
1108 2330 1174 2376 esse
1195 2314 1243 2374 in·

171 2405 414 2486 terpretatioucm
436 2419 521 2464 nemo
543 2419 601 2464 aon
623 2401 740 2476 renudet,
783 2398 844 2462 Nec
865 2409 963 2464 tamen
982 2417 1059 2463 nuuc
1071 2397 1177 2476 ,altera
1192 2416 1242 2462 rc·

170 2489 214 2551 tic
236 2490 344 2570 piacet,
371 2489 442 2569 qnia
471 2487 496 2550 si
516 2487 676 2550 snstnlit
697 2505 744 2562 ca,
769 2503 830 2566 qua
849 2486 970 2549 Laclm.
992 2486 1063 2561 ruit,
1090 2484 1242 2566 signitica-

171 2577 255 2638 tione
276 2575 488 2655 acciperemus,
507 2574 710 2654 imperfectum
737 2575 872 2646 „erat“,
904 2583 936 2636 ut
955 2573 1065 2635 iuxta
1085 2571 1243 2652 superiora

171 2660 350 2744 imperfecta
366 2669 396 2723 et
415 2658 496 2722 velot
514 2652 550 2720 ἐκ
571 2652 791 2741 παραλλήλου
812 2659 939 2738 positum
960 2668 1049 2732 esset,
1070 2655 1242 2720 necessario

172 2755 358 2828 sequeretur.
401 2746 440 2808 dt
460 2743 515 2806 illa
535 2741 574 2806 ad
593 2752 705 2825 tempus
717 2743 809 2822 longe
829 2741 1144 2824 saperiusrcdereuda
1164 2747 1244 2816 sunt,

172 2834 269 2897 Ante
294 2833 481 2911 Phrygem
503 2831 675 2894 Aeneam.
726 2829 830 2910 ltaque
859 2829 1053 2910 praeteritum
1081 2827 1243 2891 sustulit

171 2936 250 2981 nnnc
271 2907 435 3000 ἀορίστως
455 2917 581 2997 positum
602 2933 667 2979 esse
689 2914 842 2989 existimo,
863 2923 897 2978 ut
917 2916 957 2980 sit
985 2914 1187 2977 narrantis
1212 2917 1242 2976 et

172 3021 276 3068 noua
293 3001 352 3065 iam
373 3003 597 3076 asserentis,
628 3001 830 3082 imperiectnm
852 3011 939 3066 orat
959 2999 1170 3080 describentis:
1200 2998 1242 3060 ll·

172 3087 224 3165 lic,
245 3107 305 3174 quc
325 3087 427 3150 donnus
440 3087 525 3151 Remi
545 3105 578 3150 se
599 3087 727 3162 sustulit,
747 3087 769 3150 i.
784 3085 876 3170 epidi
898 3086 1042 3168 gradihus
1059 3083 1242 3167 imposita

173 3184 249 3252 est,
280 3179 317 3238 in
344 3175 514 3249 Psiatio,
544 3191 620 3238 nnns
645 3173 759 3238 iocus
784 3169 891 3235 exinde
917 3191 973 3254 pro
999 3173 1115 3252 magnis
1141 3171 1244 3250 regnis

174 3271 251 3324 erat.
293 3261 430 3326 Ceterum
457 3262 533 3324 iranc
554 3259 678 3324 fratrum
697 3276 810 3333 casam,
838 3259 886 3320 rel
907 3260 1053 3340 supremis
1072 3260 1147 3340 reip.
1168 3264 1244 3322 tem·

172 3347 297 3430 poribus
318 3347 463 3426 religioso
491 3345 598 3408 culum
615 3355 645 3410 et
672 3352 876 3408 conservatam
897 3344 999 3422 (ovid.
1020 3345 1101 3409 esst.
1123 3345 1147 3420 l,
1165 3345 1239 3408 199.

170 3433 226 3510 111,
247 3437 318 3498 ten.
347 3434 454 3498 Senec.
482 3431 605 3496 Gonsol.
625 3431 665 3494 ad
687 3431 820 3494 llelriant
842 3431 900 3508 9.),
925 3433 957 3493 ia
977 3429 1144 3508 Palatio,
1173 3445 1245 3504 non,

175 3518 257 3602 qnod
285 3517 373 3582 malle
406 3519 592 3588 solacobus
622 3519 681 3594 ait,
713 3517 744 3578 in
781 3515 985 3598 Capitolio
1019 3517 1126 3592 inisse,
1159 3524 1243 3577 certo

176 3614 223 3670 cst
247 3608 374 3679 certius;
404 3605 548 3686 siquidem
570 3604 679 3666 Fadius
700 3603 803 3666 Pictor
830 3621 880 3684 ap.
898 3603 1020 3681 Dionys.
1043 3601 1108 3665 ilal.
1129 3601 1154 3674 1,
1176 3604 1242 3666 79.;

175 3682 290 3764 αὐτοῖς
309 3677 349 3772 ἦν
372 3687 484 3754 δίαιτα
513 3679 695 3773 αὐτουργὸς
722 3679 757 3751 ἐν
778 3676 872 3771 ὄρεσι
892 3683 934 3750 τὰ
957 3681 1067 3751 πολλὰ
1094 3681 1246 3768 πηξαμέ-

174 3795 246 3850 νοις
266 3769 323 3838 διὰ
345 3767 449 3850 ξύλων
477 3769 535 3838 καί
553 3769 711 3853 καλάμων
730 3767 851 3856 σκηνὰς
879 3765 1104 3878 αὐτορόραυς·
1126 3757 1172 3834 ὦν
1194 3763 1245 3834 ἔτι

175 3855 233 3924 καί
254 3851 302 3934 τίς
324 3855 383 3940 ἐμὲ
405 3850 445 3945 ἦν
465 3880 516 3935 τις
537 3853 574 3924 ἐκ
602 3859 668 3924 τοῦ.
691 3849 940 3920 Παλαντίαν
964 3879 1023 3921 cruc
1048 3855 1109 3941 τῆς
1136 3850 1244 3954 πρὸς

174 3941 246 4009 τὸν
268 3937 546 4029 ἱππόδρομον
574 3937 783 4029 στρεφούσης
810 3935 967 4026 λαγόνος,
993 3935 1167 4024 Ῥωμύλου
1188 3937 1244 4004 λε·
1334 4003 1336 4010 ,

174 4023 306 4117 ρωμύνη,
327 4019 366 4114 ἢν
386 4023 680 4114 φυλάσσουσιν
700 4020 836 4114 ίτρύν,
860 4015 911 4104 οἷς
930 4023 1056 4094 τούτων
1077 4022 1245 4108 ἐπιμελές.

174 4117 349 4186 accuratius
376 4119 463 4182 ctiam
495 4116 645 4182 Plutarch.
660 4115 779 4180 Romul.
802 4117 864 4192 20,
890 4115 970 4178 unde
991 4117 1103 4197 primns
1124 4115 1247 4178 Laena.

103 4267 106 4272 ,
197 4223 228 4266 nr
248 4201 391 4284 gradus
409 4201 597 4283 intelligendi
618 4211 717 4266 esseut
736 4201 852 4265 docuit:
873 4187 984 4265 ’Ὠτκει
1005 4195 1042 4266 δὲ
1063 4233 1101 4262 -.
1120 4189 1246 4278 ‘Pnipeue

174 4223 236 4368 ίος
255 4323 298 4338 -
319 4281 415 4376 νεαρὰ
441 4281 522 4366 τούς
548 4283 744 4372 λεγομένους
763 4279 922 4371 βαθμούς
950 4282 1080 4371 καλῆς
1101 4274 1245 4367 (λυπεῖτε
