2910 4930
250 329 324 408 stt
584 320 900 434 Commentariuslin
925 324 1024 416 Prop.

253 519 333 586 gano
364 497 547 582 reliquorum
574 497 719 562 librorum
750 500 819 563 iam
839 499 911 564 milri
932 500 1046 567 sordet.
1097 499 1173 567 Nam
1192 501 1224 567 in
1243 511 1325 568 tanta

252 583 488 672 percontationis
506 586 691 649 redamantis
712 588 880 668 quistanna
901 586 980 652 illud
1000 598 1031 653 et
1051 585 1150 653 debile
1171 589 1243 653 iam
1263 601 1325 653 sta-

197 715 202 724 ·
252 679 306 741 tim
327 677 365 738 ab
387 673 473 736 initio
494 673 621 754 positum
643 673 730 746 terat,
753 672 835 734 cuius
856 675 996 757 proprius
1018 675 1102 739 locus
1124 677 1208 738 iuxta
1229 676 1326 738 tnle·

252 765 324 826 rim
347 768 421 834 erat.
463 757 604 822 Sedatam
633 757 707 821 illud
729 759 953 842 expositionem,
974 777 1034 824 aon
1060 751 1251 846 ὑπερβολὴν
1272 761 1326 824 de·

255 857 321 924 cet,
348 863 425 930 quae
451 845 483 907 in
510 845 556 906 iris
578 845 677 906 verbis
699 843 785 909 inest
835 845 925 910 Multi
948 849 1025 910 enim
1043 849 1074 910 ii
1097 849 1185 925 anni,
1214 865 1252 912 na
1266 855 1329 912 trc-

254 937 344 1010 scias,
366 942 446 995 tres
468 941 554 994 erant
575 929 717 992 uniuersi.
761 929 808 995 ct.
830 931 866 1009 Q.
886 932 921 997 Ρ.
941 932 966 1008 Ι,
987 937 1017 998 3.
1039 951 1069 1015 p.
1092 937 1143 998 16.

357 1036 384 1082 ι.
408 1021 459 1081 13.
488 1017 545 1095 Qui
569 1017 714 1079 turbatum
732 1015 782 1080 hic
803 1035 823 1078 a
843 1018 977 1081 librariis
998 1017 1199 1097 crediderunt,
1220 1019 1252 1082 lui
1273 1016 1328 1082 de-

151 1141 153 1148 ,
255 1105 335 1187 cepti
362 1112 430 1167 sunt
455 1102 621 1184 particulae
653 1117 746 1183 ergo
773 1103 1000 1182 significatione.
1049 1105 1154 1186 Neque
1183 1107 1259 1168 enim
1279 1105 1328 1169 dic

254 1193 322 1258 ulia
346 1189 378 1252 in
407 1205 443 1253 ao
472 1189 701 1268 consequentiae
722 1188 767 1249 ris
789 1191 880 1265 ineat,
908 1208 945 1254 ne
974 1189 1180 1256 admirationis
1202 1190 1330 1272 quidem,

255 1288 289 1342 ut
310 1275 443 1342 Handins
470 1273 534 1338 ruit
561 1273 614 1349 (da
642 1273 801 1336 Particuiis
822 1275 861 1339 11.
888 1295 917 1360 p.
939 1279 1013 1354 449,
1037 1281 1120 1358 lc),
1149 1276 1330 1341 Lachmanni

256 1361 522 1444 interpunctionem
548 1368 681 1435 secuntus,
710 1361 760 1442 qni
787 1361 818 1422 in
839 1359 970 1426 editione
990 1362 1074 1445 Lips.
1089 1361 1167 1446 ‘post
1185 1363 1329 1426 domum

255 1447 491 1534 percontationis
511 1447 627 1526 siguum
648 1455 801 1528 posuerat.
822 1499 830 1518 .
851 1447 914 1510 Sed
935 1452 1059 1531 propria
1079 1449 1205 1513 uoculae
1225 1447 1331 1514 rodun·

257 1547 305 1600 tas
332 1544 391 1611 est,
417 1552 479 1616 qua
506 1551 571 1596 cun
595 1532 710 1595 Graeco
739 1523 835 1615 ἔργον
865 1544 994 1615 cognata
1022 1535 1331 1600 affirmationem

256 1623 403 1696 continet,
423 1618 513 1701 piane
533 1627 566 1680 ut
587 1627 718 1682 nostrum
745 1614 909 1695 wirdala‘eda,
937 1631 967 1684 et
989 1624 1081 1704 stirpe
1104 1631 1134 1684 et
1152 1641 1207 1682 usu
1227 1621 1332 1703 proxi·

258 1727 345 1773 mum.
387 1706 452 1771 Hoc
480 1705 699 1786 exemplorum,
728 1721 806 1784 quse
832 1704 928 1770 ldand.
951 1706 973 1771 1.
991 1706 1013 1770 Ι.
1039 1707 1168 1790 plurima
1196 1706 1332 1784 contulit,

258 1795 399 1948 paaxirnpi
406 1793 584 1940 parpipenpp³
586 1791 694 1941 'Plap't
706 1789 870 1941 2dtippteliii
878 1793 902 1868 1,
925 1795 956 1870 3,
978 1797 1028 1896 lp.
1048 1793 1117 1941 opii.
1133 1793 1217 1856 Glor.
1237 1793 1331 1941 piat,

304 1927 313 1946 .
402 1897 463 1942 sa
505 1920 514 1940 .
586 1895 626 1938 nn.
677 1925 685 1952 ,
727 1893 754 1952 ,·
798 1897 819 1938 .:
879 1895 1062 1958 rgomrra
1095 1895 1233 1962 ar,qno
1298 1897 1333 1941 u·

193 2008 197 2018 -
260 1967 330 2032 dnm
353 1965 494 2047 scapulae
508 1964 667 2044 gestabant
679 1963 759 2026 milri.
782 1961 1038 2042 nudauerat
1056 1969 1105 2041 12,
1121 1969 1190 2029 ηε
1211 1965 1333 2045 „Ergo
1436 1981 1437 2008 ³

260 2069 322 2133 ago
350 2069 404 2114 ros
424 2051 514 2114 rebus
541 2047 675 2131 duplices
700 2065 757 2130 pro
778 2051 897 2113 nomine
916 2053 1011 2114 sensi:
1040 2050 1174 2134 Auspicii
1192 2067 1334 2136 unmerps

259 2155 319 2204 non
347 2145 413 2202 erat
438 2137 503 2218 ipsa
530 2136 657 2199 bonus.“
722 2135 774 2198 Sic
803 2137 880 2198 anim
909 2137 966 2200 illa
989 2137 1084 2202 rerba
1111 2136 1334 2218 distinguenda.

258 2221 511 2291 Autacadandnua
534 2224 611 2284 enim
631 2221 766 2284 uersibus
787 2231 879 2303 poeta
898 2220 1024 2300 dixerat,
1051 2239 1111 2284 non
1133 2239 1200 2286 esse
1221 2225 1335 2286 miran·
1436 2207 1437 2228 ¹

261 2309 340 2386 dnm,
362 2307 481 2389 siquid
503 2307 561 2369 sibi
583 2309 667 2376 trista
686 2307 785 2370 libelli
804 2307 967 2372 attulerint.
1016 2310 1123 2372 Omnia
1146 2310 1223 2371 euim
1244 2309 1334 2371 iniis
1436 2367 1437 2388 ,

259 2397 333 2462 mali
355 2395 461 2461 ominis
481 2393 591 2458 tuisse:
619 2395 662 2473 iia
681 2393 730 2456 rei
754 2411 904 2457 nnmerum
925 2393 1125 2476 plagularum.
1170 2395 1337 2459 Praeterea
1436 2399 1437 2417 ³

261 2483 300 2548 cf.
323 2489 475 2546 comment.
496 2478 536 2542 od
556 2479 602 2542 ΕΙ.
623 2479 677 2555 ΙΙΙ,
700 2483 730 2554 3,
751 2483 803 2543 29.
841 2480 1093 2543 Temerarius
1117 2489 1225 2558 autam,
1249 2497 1337 2564 οιιοιι

261 2567 421 2634 stnitnm
442 2566 501 2630 dici
513 2565 623 2646 reliqui
643 2566 821 2646 interpretes
835 2567 1043 2649 opinabantur,
1066 2565 1249 2630 audacem
1270 2583 1338 2632 asse

260 2664 344 2720 recte
362 2653 484 2718 Lacino.
505 2651 666 2715 admonuit.
708 2651 765 2713 lile
785 2669 857 2715 sero
879 2653 924 2716 sic
943 2661 1132 2735 quaerentem
1147 2660 1268 2734 poetam
1290 2655 1339 2717 ia·

260 2743 318 2806 cit:
339 2739 443 2820 „Ergo
464 2754 522 2818 ego
544 2737 630 2800 nimis
651 2736 758 2811 andan,
787 2739 838 2819 qui
860 2755 990 2802 amoram
1010 2747 1090 2802 tunm
1110 2755 1242 2820 poscam,
1272 2755 1339 2802 curn
1435 2775 1436 2778 =

260 2835 361 2893 umen
379 2834 440 2889 tam
459 2825 567 2890 multos
595 2839 688 2886 annos
709 2825 863 2905 imperium
890 2833 970 2888 tunm
998 2826 1148 2906 patienter
1165 2825 1339 2890 tuterimt“

260 2915 353 2978 Immo
368 2909 511 2976 audacem
527 2909 667 2973 sciuisse
682 2928 740 2972 non
756 2920 848 2988 negat
859 2921 959 2994 poeta,
977 2911 1030 2974 sed
1044 2910 1204 2987 contendit,
1224 2913 1339 2996 quippe

261 2997 388 3084 quitali
409 2995 560 3078 Giarpidi
581 3015 614 3059 sa
635 2997 822 3060 commiserit.

363 3104 391 3149 ι.
415 3087 465 3147 lt.
488 3083 544 3146 liic
566 3100 684 3164 quoqne
698 3085 853 3163 abuuprum
869 3079 1086 3164 quodammodo
1103 3081 1243 3146 carminis
1256 3081 1339 3144 dium

152 3158 159 3178 '
260 3178 366 3253 aperta
389 3169 511 3233 Laetum.
535 3165 581 3230 ed.
604 3168 697 3249 Lips„
716 3169 876 3232 modestius
894 3168 1022 3232 Iacobus
1043 3169 1201 3250 significat,
1228 3185 1285 3231 nec
1308 3169 1340 3230 in

263 3256 395 3322 editione
417 3254 606 3320 Berolinenoi
627 3255 748 3317 criticus
762 3270 887 3316 sommus
910 3256 1033 3333 maiore,
1053 3265 1086 3318 nt
1108 3254 1194 3328 solet,
1226 3253 1341 3318 initiali

262 3360 371 3408 nouum
390 3357 509 3404 carmen
530 3340 579 3402 iic
601 3338 696 3403 ordiri
715 3357 804 3404 ausus
827 3349 880 3403 ast.
931 3341 994 3403 Nec
1023 3341 1125 3404 mortis
1147 3339 1340 3404 voluntariae
1433 3411 1435 3426 ,

264 3427 445 3492 desiderium
468 3423 628 3508 quidquam
649 3423 739 3488 alieni
760 3424 859 3500 luahet,
888 3439 952 3487 cum
970 3437 1061 3508 poeta
1082 3426 1173 3489 maile
1195 3443 1227 3490 sa
1250 3427 1341 3501 mori,
1434 3475 1435 3492 .

186 3575 191 3584 ,
263 3533 351 3598 mam
372 3531 474 3578 amore
495 3521 596 3594 spreto
617 3511 719 3574 uisere
743 3527 832 3573 uersu
852 3513 883 3572 4.
910 3509 1058 3594 (quamvis
1087 3521 1217 3596 negante
1237 3513 1341 3577 Lech·
1434 3579 1435 3588 ,

262 3603 385 3679 manao)
406 3600 504 3682 palam
526 3597 749 3679 protessus‘sit.
1434 3663 1435 3672 ἵ

365 3704 394 3749 ι.
415 3687 467 3751 25.
489 3683 612 3747 Puellae
632 3700 705 3746 suae
725 3687 849 3744 mortam
868 3681 999 3747 minitari
1019 3693 1137 3765 poetam
1155 3684 1340 3768 interpretes
1433 3687 1435 3754 t

264 3771 449 3839 subridicule
473 3771 678 3834 existimarumt
699 3785 759 3831 uon
780 3765 935 3832 intellecta
956 3759 1179 3854 ἀποστροφῆς
1199 3772 1246 3849 ui,
1276 3789 1341 3853 qua
1433 3791 1435 3868 p

263 3876 341 3925 nuno
362 3859 393 3922 in
416 3855 619 3921 adversarium
638 3872 797 3918 conuersus
818 3854 960 3935 loquitur.
1005 3855 1051 3919 Gi.
1068 3857 1103 3933 Q.
1115 3857 1150 3920 Ρ.
1165 3857 1201 3936 ΙΙ,
1215 3861 1245 3922 6.
1259 3875 1285 3920 s.
1300 3857 1340 3920 ΙΙ.
1434 3877 1435 3918 ;

265 3945 345 4032 §.5-
367 3963 398 4027 p.
421 3945 492 4008 115.
542 3941 619 4006 Nam
647 3958 674 4005 ι.
694 3947 724 4005 ‘a
753 3949 789 4004 tn
814 3942 937 4003 amicum
965 3942 1130 4020 significat,
1158 3961 1187 4006 ι.
1219 3946 1271 4006 14.
1301 3951 1341 4005 ts

263 4031 411 4117 puellam,
431 4048 461 4096 ι.
484 4032 535 4093 17.
557 4029 622 4110 ipss
649 4045 682 4090 sa
709 4026 873 4107 alloquitor
894 4027 962 4104 (18.
986 4033 1075 4107 tuo).
1124 4027 1204 4108 Quid
1231 4030 1341 4092 mirum

263 4119 421 4204 quodiam
438 4125 545 4198 quarto
566 4131 725 4198 personam
745 4119 846 4176 mutat

364 4221 393 4269 ι.
416 4207 467 4268 30.
490 4203 521 4265 in
543 4201 670 4265 tectis.
705 4197 802 4262 Godd.
821 4197 965 4262 Italorum
991 4197 1110 4280 qnidam
1132 4197 1219 4264 docte
1240 4199 1342 4263 inter·

255 4287 366 4374 palati:
387 4289 419 4354 in
439 4287 624 4356 seueros.
667 4283 918 4370 Arripuitlnbans
934 4285 1128 4351 Burmannus.
1145 4285 1180 4350 Ιο
1201 4285 1342 4350 thecis.
