2812 4918
225 405 303 488 ιω
550 405 810 476 Commentarius
831 407 866 476 ln
884 405 980 497 Prop.

227 581 309 644 Srtle
330 587 398 646 crat
418 579 530 644 lomlnl
550 581 751 662 gloriabuudo
774 583 859 648 clara
887 584 1161 649 mathematicorum
1181 583 1291 649 uomina

226 667 358 748 undique
379 684 504 731 corrasa
524 677 671 749 unque·
694 679 819 753 paterne
842 679 876 734 et
897 673 976 734 avita
995 672 1120 735 iactare:
1163 671 1291 736 (lemnum

225 751 264 816 de
286 743 547 828 ἀναδιπλώσεως
569 754 682 834 figure,
711 757 838 820 omnium
867 776 944 837 quae
972 759 1002 818 in
1034 757 1210 837 repetitione
1229 775 1290 820 rcr-

225 849 330 902 eautur
355 837 435 921 apud
462 839 650 920 Propertium
678 842 933 926 frequentissime,
959 843 1017 905 rid.
1051 843 1185 922 Qnaeett.
1208 843 1244 916 ll,
1263 846 1291 905 6.

209 943 255 1016 ιιι.
283 928 343 989 110
357 943 404 1006 eq,
452 923 585 988 liendem
614 925 720 990 codem
749 927 837 992 modo
863 929 895 991 in
923 929 1074 994 nominc
1098 929 1189 996 lubet
1210 927 1293 992 Gal·

224 1011 416 1076 limaodue
438 1009 469 1075 ln.
492 1010 650 1076 l.1’allad.
671 1031 701 1078 r.
723 1018 794 1080 do:

595 1112 770 1182 Keriord‘
789 1114 828 1174 ric
846 1108 1078 1184 deceptricem,

311 1182 446 1250 Κρεῖον
463 1175 563 1252 iper·
579 1181 611 1236 ol
628 1182 660 1235 dl
676 1183 791 1255 δαῖμον,
810 1181 1024 1252 ἀποῤῥώγεσσιν
1040 1182 1187 1249 ἔθηκεν-
1208 1181 1291 1238 aul.

223 1264 478 1334 ruoddrud.
500 1267 525 1345 Ι,
548 1271 598 1346 10,
621 1273 690 1334 29..

358 1369 476 1436 Hlocprlc
490 1367 675 1436 Peepmretmm
694 1367 840 1450 hommem
859 1367 1013 1434 opztcee
1031 1367 1097 1436 erle,

401 1435 564 1506 Cyzicon,
583 1439 746 1490 [domnoniae
761 1435 848 1488 eodelr
862 1439 948 1504 pentir
964 1453 1039 1504 oper.

326 1540 356 1588 r.
376 1525 529 1589 81-88.
552 1523 722 1588 Extremum
750 1523 855 1586 lorum
877 1542 1013 1586 rerennur
1035 1542 1107 1605 pere
1137 1520 1292 1597 „ilicem
1375 1483 1376 1536 i

224 1607 348 1672 'l'roia
369 1607 485 1673 eadee
507 1615 595 1674 cett.“
616 1611 685 1674 linc
707 1619 850 1674 remorum
865 1611 977 1690 Scalig.
1000 1621 1068 1690 poet
1087 1628 1114 1672 r.
1130 1614 1182 1672 70.
1203 1608 1293 1670 incul-

222 1697 312 1772 carit,
333 1695 385 1757 uhi
403 1690 489 1776 quadr
505 1696 582 1759 mele
604 1696 717 1772 eedeat,
738 1698 788 1760 rix
806 1705 851 1758 eet
872 1695 1212 1776 quodcoaunrenlorem:
1237 1694 1294 1757 lle·

223 1799 282 1862 quc
305 1782 381 1844 euim
402 1781 577 1863 Propertius
598 1782 612 1844 i
620 1783 733 1858 nturi,
764 1781 816 1844 eed
839 1781 1028 1845 lautorum
1050 1784 1243 1862 interpretem
1264 1795 1294 1842 ee

222 1867 378 1950 promittit.
421 1867 537 1932 Deinde
555 1885 628 1934 roro
650 1887 705 1952 per
726 1867 861 1946 aiuguloo
883 1885 979 1949 paene
1000 1887 1103 1934 uerene
1117 1867 1294 1931 eelolieetaa

221 1955 317 2017 nostri
346 1955 471 2016 immane
497 1963 631 2034 peccaut.
682 1954 827 2027 Primum,
856 1953 935 2034 qnod
965 1953 1130 2037 pretium
1157 1953 1295 2016 iecere

222 2037 316 2102 deon
344 2056 411 2104 enee
439 2041 536 2102 aiunt:
565 2059 697 2105 aurum
725 2049 761 2102 et
783 2042 948 2122 pecunia
968 2048 1028 2103 est
1056 2037 1294 2102 iie·deurun

221 2124 330 2200 locor
352 2132 382 2188 et
400 2126 458 2189 loc
480 2124 600 2206 quidem
620 2126 771 2190 Beroaldo
794 2126 879 2190 derce.
932 2125 994 2190 Sed
1016 2125 1086 2208 qnid
1107 2133 1168 2188 tum
1190 2123 1230 2187 de
1250 2141 1296 2186 ee·

222 2211 396 2292 quentibur:
429 2212 651 2295 Felioeeque
679 2213 759 2277 loris
786 2212 954 2276 etellael
993 2215 1035 2276 At
1058 2211 1164 2288 ‚,lli“,
1199 2211 1295 2291 inquit

220 2295 338 2374 Bartl,
363 2298 546 2374 „acculatiri
571 2299 700 2381 pendent
727 2317 793 2362 er.
813 2307 908 2360 antec.
938 2301 1103 2381 pretium
1129 2296 1292 2361 lecere‘l.

221 2381 318 2448 liteic
340 2397 406 2446 oum
420 2383 530 2465 Vulpio
546 2385 736 2450 lluinueline.
778 2383 874 2463 Igitur
896 2403 1025 2447 aurum
1047 2402 1105 2447 nou
1118 2381 1209 2446 modo
1224 2382 1293 2445 deoe

220 2468 253 2537 in
281 2469 449 2532 uuirareum
476 2471 589 2559 iaciunt
616 2469 737 2552 (deum
765 2472 874 2534 rectius
893 2471 1034 2552 dixerit),
1063 2470 1115 2533 eed
1141 2469 1295 2550 speciatim

220 2553 328 2618 lel'mee
348 2553 551 2621 loris-atellae
569 2559 742 2632 Martem,
762 2555 979 2620 Saturnum.
1032 2556 1118 2635 Quod
1141 2565 1296 2636 quatrinu-

220 2641 267 2706 rie
288 2644 328 2708 eit
348 2639 523 2719 absurdum,
552 2651 649 2707 tamen
671 2644 698 2707 ei
719 2642 918 2717 conceeeerie,
948 2641 1019 2724 quid
1042 2643 1079 2705 de
1101 2641 1293 2722 sequentihus
1332 2689 1336 2702 .

219 2727 314 2792 ultra:
338 2726 456 2806 „Quid
477 2740 650 2795 morcant
671 2729 827 2794 Piocen“
848 2729 913 2792 -l
941 2727 1003 2792 Sed
1025 2729 1166 2792 Bartliue
1189 2737 1294 2800 tamem

219 2813 309 2878 llomo
331 2811 421 2895 frugi,
441 2815 518 2880 lanc
538 2825 620 2881 certe
641 2817 808 2880 cautionem
829 2814 922 2891 addit,
943 2813 1090 2890 „nondum
1112 2814 1185 2878 eatis
1206 2829 1294 2894 expe·

221 2895 314 2964 ditum
337 2917 402 2964 eeee
419 2899 545 2965 looum.“
593 2901 768 2966 lluinoeliue
791 2909 904 2974 contre,
934 2901 1015 2964 relnt
1035 2917 1160 2982 proreue
1184 2899 1293 2961 enuni-

221 2986 367 3061 culentne,
383 2987 459 3051 lanc
473 2988 628 3070 eleganter
641 3005 708 3052 eone
719 2987 792 3050 dicit
813 2987 1115 3050 cohaerentiam:
1137 3001 1217 3060 „non
1232 2994 1294 3047 tan·

218 3077 280 3136 tum
297 3071 527 3152 etellaalelioer,
548 3073 602 3138 ced
623 3085 653 3140 ct
670 3073 806 3138 infelices
820 3075 946 3154 pretium
967 3073 1077 3148 iecere,
1098 3091 1123 3134 e.
1146 3071 1294 3134 ialluut

219 3156 241 3222 i.
263 3158 366 3222 talen
395 3162 605 3225 tractant.“
653 3159 746 3226 Viden
774 3161 1043 3242 praestigiatorem.
1085 3157 1160 3220 liam
1190 3155 1293 3220 eadem

189 3267 194 3288 ι
217 3241 353 3309 looutiu:
375 3247 540 3328 pretium
561 3247 699 3310 iecere
721 3243 832 3320 deos,
861 3263 938 3326 quae
959 3244 1046 3308 modo
1069 3262 1124 3326 pro
1147 3244 1206 3305 lon
1228 3242 1293 3304 luc·
1371 3301 1372 3304 ,

217 3339 283 3393 rat:
317 3349 443 3395 aurum
471 3331 629 3396 deorum
654 3331 748 3396 loco
770 3331 915 3406 colunt,
940 3329 1102 3412 derepente
1125 3329 1291 3408 eigniduat:

217 3413 366 3480 lullcre
387 3427 477 3501 atque
504 3417 583 3483 udeu
613 3417 928 3482 deleo-tractare.
979 3416 1056 3496 Quin
1078 3416 1214 3498 luppiter
1235 3414 1291 3475 lie

217 3499 375 3566 lellitur
402 3522 432 3569 r.
450 3508 502 3570 83.
523 3513 553 3570 ct
573 3505 626 3570 85.
670 3503 734 3569 Neo
760 3511 858 3567 tamen
886 3503 917 3564 in
943 3501 989 3565 lie
1015 3503 1089 3566 aatia
1119 3508 1186 3575 eret
1216 3500 1291 3564 osci·

219 3595 312 3650 taeee.
355 3586 429 3652 ilem
449 3589 540 3654 illud:
562 3587 699 3666 „fallitur
713 3587 953 3670 auroluppiter“
968 3587 1060 3650 -ad
1082 3605 1170 3650 unum
1193 3601 1290 3649 omnen
1370 3613 1371 3630 κ

219 3671 263 3736 aio
283 3673 348 3735 lere
361 3675 609 3760 interpretantur:
628 3675 727 3752 „fuleo
742 3676 932 3758 promittitur,
953 3673 1003 3739 rel
1022 3673 1187 3747 eimulatur,
1208 3669 1291 3754 queri

219 3759 259 3821 ait
282 3757 417 3824 dominus
438 3764 606 3842 geniturae,
626 3779 692 3824 cum
713 3779 773 3825 non
793 3762 863 3825 eit“
905 3759 991 3823 Nora
1011 3761 1137 3835 scilicet,
1159 3777 1219 3840 qua
1231 3759 1290 3820 Le·

217 3845 291 3908 tium
312 3844 522 3926 locupletatur,
551 3847 638 3913 uerbi
659 3846 805 3912 tallere
832 3845 1020 3927 eiguidcatio.
1061 3849 1102 3910 At
1131 3847 1228 3908 misnia
1245 3844 1289 3905 luir

218 3932 306 4012 nugis
327 3933 409 3994 neria
428 3951 614 4013 queerumue.
663 3933 793 3998 Primum
820 3935 897 3996 enim
926 3930 1021 3995 deoe
1046 3933 1210 4013 pretium
1233 3928 1289 3990 le·

219 4012 310 4080 cere
330 4033 388 4078 non
411 4019 468 4082 lroc
490 4019 647 4100 eignilcet,
674 4021 811 4084 Aurum
842 4019 881 4082 ale
909 4017 975 4082 ietie
995 4017 1131 4081 laleariio
1151 4033 1207 4101 pro
1232 4013 1287 4078 diir

180 4091 186 4113 ⁸
218 4103 289 4178 coli,
310 4101 363 4164 eed
378 4103 611 4187 deoseuoepro
634 4105 897 4188 pretiolulreri,
918 4107 1115 4186 quaestum
1132 4104 1287 4168 lucrum-
1368 4171 1369 4174 Ἴ

219 4208 292 4273 que
312 4189 412 4252 lieri
433 4207 477 4252 ex
497 4189 586 4256 diie.
630 4192 713 4256 lianc
736 4191 813 4256 enim
835 4189 994 4253 dictionem
1013 4200 1150 4270 argutum
1171 4205 1242 4252 eane
1260 4191 1287 4247 et

218 4292 290 4340 rere
316 4273 553 4354 Propertianum,
579 4275 633 4339 eed
660 4277 739 4342 eliae
766 4293 885 4360 quoque
912 4274 991 4338 lulro
1013 4277 1053 4338 eo
1079 4273 1285 4358 interpretibus

220 4369 371 4444 acceptam
384 4363 553 4428 accuratim
565 4359 777 4432 illmtrarimm
789 4379 893 4430 comm.
908 4361 947 4432 ull
959 4360 1007 4428 El.
1023 4361 1074 4441 Ill,
1088 4363 1120 4440 5,
1134 4367 1184 4430 29.
1206 4357 1285 4425 lliie
