2762 4902
275 325 353 408 510
597 329 858 458 Copnmenterius
877 337 910 402 in
933 333 1030 424 Prop.
1109 429 1112 442 Ι

275 497 330 566 slat
350 499 575 568 electionem
596 505 781 584 indicna,
807 525 870 572 cnn
896 507 985 586 dicit:
1014 509 1081 580 (ille
1102 509 1243 586 silentnnl
1261 527 1307 573 roa·

277 588 408 652 siliunn
426 599 554 666 socat;
577 591 626 654 dat
645 597 840 672 cognitionem
852 595 1022 670 facinorum,
1039 615 1101 658 cunr
1118 597 1204 659 dicit:
1223 599 1307 658 sitas·
1336 593 1337 610 *

277 692 348 755 qne
370 683 405 737 ct
424 677 584 740 crimine
606 677 753 742 discit.“
795 679 1053 760 Erintegerrlnris
1072 684 1168 764 igitur
1182 683 1307 742 aninarna

279 757 405 824 aeleotoa
424 761 537 824 iudices
559 765 720 842 significari
741 785 760 830 e
780 765 936 848 Propertio
958 778 1045 850 puta:
1067 787 1126 830 non
1149 767 1238 849 (qnod
1256 787 1308 828 oos-

276 844 409 926 plurlbus
425 846 461 910 de
479 849 578 911 causis
599 851 757 932 absordum
776 861 867 928 essct)
881 855 1012 916 Minoem
1033 861 1063 915 ct
1081 853 1308 926 Rhadamanthon,

277 947 353 1010 quoa
385 933 412 995 sl
431 942 462 995 ut
492 935 644 998 iudioea
670 937 749 1000 inlre
775 940 905 1002 tribuual
928 942 956 1002 in
985 939 1192 1002 subselliis
1213 939 1308 1000 colloss

276 1022 324 1080 tos
345 1016 482 1099 Propert.
505 1018 635 1084 finxisset
669 1021 723 1098 (cf.
745 1024 821 1086 enirn
840 1025 873 1088 P.
894 1027 1007 1089 Menut
1028 1025 1064 1086 ad
1091 1026 1157 1088 Cic.
1178 1042 1229 1106 pro
1248 1025 1308 1088 llosc

253 1103 342 1176 ,Αι
362 1107 392 1168 b.
414 1123 444 1186 p.
465 1109 518 1168 42.
541 1107 676 1171 Geasner.
697 1109 843 1172 Tbesonr.
873 1129 898 1173 s.
921 1131 949 1175 ι.
971 1111 1155 1190 Subsellla)‚
1183 1129 1218 1172 ne
1236 1110 1309 1171 assi·
1336 1161 1337 1166 ,

279 1187 370 1252 dere
398 1190 514 1269 quidem
543 1193 642 1256 dicere
670 1205 749 1258 necte
772 1204 896 1277 poteret.
938 1198 1002 1259 lloo
1029 1199 1106 1259 enirn
1137 1191 1337 1276 serbunprr³

278 1275 375 1356 priona
398 1274 434 1338 de
454 1279 740 1356 assessoribus,
770 1298 844 1361 qnos
872 1282 1095 1346 consulendi
1125 1285 1310 1360 graticanr·

276 1361 453 1438 gistret'rbus
486 1364 523 1424 in
557 1366 731 1428 tribunal
766 1366 965 1430 adbibitus
1000 1387 1066 1431 esse
1102 1368 1168 1431 Gic.
1194 1365 1309 1429 docetis

222 1510 225 1519 .
278 1447 362 1512 Orat.
372 1446 395 1522 1,
404 1450 455 1511 st.
476 1449 560 1514 note
575 1451 659 1514 llein.
671 1451 692 1514 l.
706 1452 726 1515 l.
741 1470 771 1533 p.
786 1456 860 1516 tto.
883 1453 1175 1533 Bertn.-ttnltsseg.
1189 1453 1309 1516 deliacos

277 1529 376 1596 Girill.
396 1532 419 1608 1,
444 1538 472 1597 1.
500 1553 529 1616 p.
555 1541 624 1600 152.
651 1540 721 1602 lbi.
763 1538 837 1601 Nann
866 1535 1025 1622 ceintujs
1054 1539 1091 1601 de
1120 1542 1234 1603 Action.
1253 1537 1310 1600 tntt

276 1615 362 1682 Rern.
383 1637 413 1700 p.
437 1625 509 1684 262.
531 1624 596 1686 init.
619 1641 677 1686 non
698 1633 778 1686 recte
799 1643 1028 1688 assessores
1056 1643 1122 1687 curn
1142 1625 1310 1687 iudicibus

277 1705 395 1770 videtur
416 1705 596 1775 contrudisse.
639 1709 684 1772 De
707 1710 772 1790 ipso
800 1719 894 1772 auten
918 1712 999 1775 resbl
1028 1731 1083 1772 usn
1105 1713 1206 1775 Tsclt.
1224 1707 1311 1780 tant

279 1795 348 1857 'llas
370 1790 432 1854 Nec
452 1801 568 1874 patrntn
590 1795 805 1872 cognitionibus
827 1799 951 1859 satiatus
978 1795 1187 1860 assidebat
1207 1797 1234 1856 in
1252 1811 1309 1855 eor·

278 1895 324 1940 nn
352 1877 584 1956 tribunalis,
613 1898 651 1942 ne
678 1891 843 1963 praetorem
873 1883 967 1944 curuli
998 1883 1173 1963 depelleret.
1202 1882 1242 1955 11,
1265 1883 1309 1943 bl:

277 1970 403 2046 postque
426 1983 512 2028 sarua
533 1969 571 2028 in
592 1967 779 2029 tribunati
801 1967 938 2030 caeseris
952 1969 1030 2043 Piso,
1052 1977 1080 2030 et
1101 1969 1129 2030 ai
1153 1969 1261 2050 qnando
1277 1983 1310 2026 as·

143 2129 146 2139 Ι
279 2048 441 2124 obderet,
463 2059 551 2115 atrox
565 2060 594 2115 et
615 2052 772 2116 dissentire
791 2055 971 2115 nnsnilestus.
990 2053 1186 2137 operrisstne
1208 2071 1268 2115 reno
1284 2051 1310 2109 ir

279 2139 326 2196 tet
351 2143 506 2216 utrumque
539 2137 678 2200 discernit
707 2139 829 2201 Sueton.
858 2137 923 2200 Tib.
947 2143 1013 2202 33.:
1043 2139 1310 2218 magistratibus

278 2235 348 2300 pro
370 2221 563 2285 tribunali
585 2225 830 2300 cognoscentibus
853 2225 1023 2305 plerunque
1043 2243 1075 2287 se
1098 2225 1241 2288 offerebat
1259 2237 1310 2286 ron·

279 2304 495 2380 sitientum,
527 2309 807 2388 assidebatque
841 2309 979 2372 lrnxtinn
1012 2310 1061 2373 sel
1088 2328 1128 2372 ert
1157 2311 1311 2374 adsenso-

187 2459 189 2464 .
279 2389 500 2472 iudicesque
522 2404 573 2456 ant
595 2411 613 2456 e
632 2393 749 2475 plano
772 2403 822 2458 ant
843 2413 859 2457 e
883 2396 1125 2476 quaesitoris
1157 2391 1310 2458 tribunali

279 2505 324 2524 ·-
344 2475 530 2541 admonebat.
583 2481 816 2544 decessores
845 2481 1038 2545 ian=Gieero
1067 2481 1145 2544 dixit
1185 2481 1221 2544 de
1246 2480 1310 2542 llius

145 2585 148 2590 ·
279 2561 307 2642 1,
328 2567 380 2637 411,
403 2567 454 2628 95.
479 2564 549 2627 itera
577 2563 646 2628 Son.
675 2566 711 2629 de
734 2565 901 2646 Tranquill.
933 2570 989 2629 An.
1016 2573 1045 2632 8.
1097 2567 1146 2630 lle
1176 2567 1311 2629 inlerions

280 2654 441 2733 tenporunr
464 2649 598 2713 usn0sid.
621 2651 706 2716 llein.
725 2652 746 2712 l.
764 2651 784 2714 l.
807 2671 836 2732 p.
859 2656 909 2715 62.
930 2652 1013 2716 Geib.
1032 2654 1052 2715 l.
1070 2652 1091 2715 1.
1112 2671 1146 2734 p.
1168 2658 1230 2716 tce
1248 2653 1311 2730 spe

281 2750 357 2814 qnos
375 2735 460 2797 locos
480 2736 641 2800 Gessnerus
665 2755 703 2800 cx
716 2737 840 2801 lotorun
856 2738 943 2800 libris
965 2738 1101 2816 collegit,-
1117 2758 1145 2802 s.
1168 2757 1213 2801 ιι.
1233 2734 1311 2800 Assi-

280 2818 622 2989 gpogquaesaores.
666 2823 711 2886 De
725 2820 772 2886 tta
791 2823 881 2903 igitur
900 2825 1054 2890 nenllesto
1068 2825 1150 2890 Stat.
1164 2816 1312 2891 Tbebllll

417 3009 633 3063 Forteeedeea
650 3012 736 3063 medis
753 3013 825 3079 repsi
842 3013 952 3077 iosels'eia
969 3015 996 3066 iss
1013 3027 1075 3064 eree

416 3075 497 3130 Dec
514 3077 621 3132 Erebi
637 3081 749 3146 populos
762 3081 885 3146 percebot
902 3077 1012 3134 erluinus
1028 3083 1098 3134 uitae
1112 3107 1151 3123 -

421 3143 637 3212 Vteciecpus-
657 3151 757 3200 locato
777 3149 889 3201 Misce
908 3152 1116 3216 cumfratre
1138 3147 1245 3202 serendo

416 3215 499 3267 lore
518 3214 624 3269 beosa
641 3218 788 3269 meliors
805 3225 913 3271 monet
929 3233 1061 3286 repensque
1078 3227 1215 3271 mutarn

421 3285 560 3350 Tesnperct
578 3311 612 3324 -

281 3369 340 3437 nial
364 3368 443 3452 qnod
471 3370 535 3434 illic
562 3388 618 3454 pro
645 3369 813 3452 quaesitore
841 3373 906 3452 ipse
928 3371 1014 3454 qnasi
1042 3371 1227 3454 princeps
1252 3365 1312 3460 (dut

280 3457 388 3536 Erebi)
411 3464 464 3521 eat.
487 3493 529 3506 -
571 3457 631 3520 leur
652 3475 724 3521 reso
747 3467 829 3521 recte
849 3459 1037 3538 Propertius:
1067 3457 1231 3531 „lretres
1247 3467 1312 3514 assr

283 3541 434 3618 deant“,
460 3561 519 3606 non
540 3561 598 3624 quo
626 3543 742 3606 Aeaci
765 3542 877 3607 lratres'
895 3543 1147 3608 libaderuentbunr
1168 3553 1198 3607 et
1215 3541 1313 3604 Minora

282 3627 383 3691 dicere
404 3639 519 3711 poetern
549 3645 700 3706 censcen‘,
727 3649 800 3710 qnos
827 3649 900 3694 nurus
930 3641 1067 3711 quentunt
1093 3631 1184 3691 scians
1211 3633 1309 3689 reterns

168 3789 172 3796 ,
282 3713 406 3779 Sestius
434 3714 487 3793 (ed
507 3715 592 3793 Virg.
609 3717 682 3778 aen.
705 3715 755 3790 tt,
777 3717 866 3794 666.)
896 3715 998 3778 eaden
1025 3725 1113 3796 atque
1143 3715 1223 3777 illurn
1246 3713 1312 3770 nato
1338 3775 1339 3798 χ

282 3795 441 3881 Europe
462 3810 624 3881 prognatos
642 3802 693 3878 ait,
716 3818 779 3863 curun
794 3803 884 3864 ceteri
908 3820 1006 3864 onnes
1023 3805 1149 3863 nencnn
1171 3795 1311 3876 Aeglttt
1338 3813 1339 3854 t

282 3883 417 3966 reliquos
450 3885 524 3948 duos
557 3886 672 3949 iudices
707 3888 838 3950 internos
871 3905 934 3950 curn
960 3887 1134 3967 Sarpedone
1166 3885 1310 3958 Europae

282 3969 362 4034 filios
390 3970 481 4034 luisse
508 3971 627 4035 trudant
649 3971 850 4055 -tlpollod
877 3973 928 4047 Ill,
957 3978 1007 4048 12,
1029 3977 1059 4038 6.
1089 3971 1160 4034 coll.
1190 3961 1309 4039 11111·

283 4055 386 4121 Sobel.
408 4055 444 4120 ll.
467 4054 510 4136 μ’.
533 4061 605 4123 397.
623 4059 731 4138 Hygin.
752 4059 774 4120 1.
799 4062 869 4124 165.
889 4064 939 4123 tat.
962 4059 1028 4140 ipse
1048 4059 1133 4120 Seru.
1155 4055 1192 4118 ad
1211 4055 1274 4117 Aen.
1288 4041 1312 4110 11,
1338 4061 1339 4108 4

285 4147 316 4208 7.
339 4143 425 4207 Seru.
446 4141 532 4206 Fuld.
555 4144 604 4218 tv,
622 4148 695 4209 461.
725 4143 776 4207 ull.
798 4161 873 4224 qrros
894 4143 962 4208 ride
984 4163 1034 4224 ap.
1055 4143 1208 4206 Muuclter.
1226 4134 1259 4199 ad
1272 4129 1310 4206 fll

284 4228 347 4308 gin.
370 4229 391 4293 l.
407 4230 428 4291 l.
445 4251 503 4290 -ι
524 4228 579 4291 aad
600 4229 752 4292 iratres
771 4231 874 4293 codem
896 4228 982 4292 ruodo
997 4231 1152 4293 Cretenses
1174 4223 1263 4288 ambos
1278 4231 1311 4293 tt

284 4313 381 4396 pellet
399 4324 432 4379 ut
452 4313 491 4396 11,
512 4317 564 4395 ts,
584 4317 637 4380 tc.
660 4313 816 4400 lirincpes,
838 4323 868 4381 et
887 4333 916 4384 ι.
937 4319 989 4383 ot.
1010 4313 1159 4380 buddei
1179 4313 1311 4376 sonaret
