2762 4902
57 281 62 288 ⁵
137 266 282 400 ἱ520
509 311 954 404 cmmanunrrop.

202 481 332 570 partinet
350 479 449 564 (virg.
470 483 544 550 seu.
562 479 604 560 X.
622 480 730 562 808),
756 489 785 546 et
804 489 908 546 conus
928 477 1013 546 aliod
1039 497 1133 547 suase
1141 479 1272 582 ‘dudi

194 585 491 732 stistte
511 585 742 736 ttlttttt':
762 567 1273 736 i‘X’iili'iliii'lini'ss

203 740 349 806 dicuutur.
397 737 468 805 Vid.
497 737 583 804 ovid.
612 739 711 804 'l'rist
731 739 781 816 Ν,
805 744 832 818 Ι,
849 741 902 806 ld.
925 736 981 816 ill,
1004 743 1035 815 8,
1057 743 1108 804 ll.
1142 737 1272 805 Metu.

204 823 283 903 VIII,
302 828 376 892 cce.
393 824 467 892 ibid.
484 824 533 902 Vl.
554 828 605 889 cc.
647 825 724 890 lliuo
743 826 803 888 ian
823 833 926 908 sponte
947 825 1095 905 sequitur,
1120 826 1274 890 scuauia

203 929 264 978 nou
284 911 379 989 solun
400 927 467 976 essa
484 909 712 989 ainulaora,
732 908 785 975 sed
807 929 872 976 cun
893 910 1053 974 visionibus
1073 910 1161 974 enirn
1182 927 1273 977 onus

203 995 370 1062 wuniwdi
390 997 527 1080 quina
571 994 658 1075 Quod
679 1013 750 1062 sero
773 1003 824 1060 sut
849 994 1010 1061 redditu
1029 1013 1085 1078 prc
1115 997 1273 1060 eredita

203 1083 358 1164 corrigunt
382 1087 430 1158 (ut
453 1083 625 1160 Graevius),
651 1090 704 1148 aut
730 1081 776 1158 (ιιι
794 1082 940 1160 Baebius)
962 1081 1000 1144 ud
1023 1080 1274 1162 significationen

203 1167 434 1252 praepositionis
459 1169 499 1232 iu
518 1167 567 1234 Ill.
587 1167 641 1243 111,
661 1173 712 1244 22,
736 1173 802 1233 te:
830 1169 891 1244 „lu
918 1167 1023 1231 laeien
1050 1185 1160 1250 prorae
1181 1169 1275 1250 pinus

204 1255 348 1318 adactu
375 1257 491 1319 uosae“
519 1264 706 1337 conparent:
730 1263 885 1336 utrunque
906 1252 1002 1329 inlsc;
1025 1261 1069 1316 est
1090 1255 1166 1317 euin
1193 1253 1274 1316 baec

203 1339 384 1406 constructio
417 1359 447 1422 q.
476 1339 506 1405 d.
535 1357 722 1424 praegnans,
759 1339 796 1402 de
826 1358 887 1423 qua
915 1340 1026 1420 uginus
1054 1339 1089 1416 Q.
1119 1338 1275 1414 1³.11,c.

203 1445 234 1510 p.
249 1429 321 1492 134.
364 1425 437 1488 Nam
457 1443 521 1490 ecus
543 1425 630 1510 place
643 1423 824 1505 rulgsrissit
841 1427 866 1488 is
882 1424 1107 1508 praepositionis
1128 1425 1167 1486 iu
1191 1445 1276 1502 usus,

203 1519 238 1580 nt
258 1519 428 1576 mutatam
445 1513 492 1576 rei
506 1513 649 1593 cuiusque
670 1511 930 1575 conditionem
950 1519 980 1573 et
997 1518 1166 1574 eventurn
1186 1512 1275 1577 rerbi

69 1615 74 1622 ·
204 1597 360 1680 significet,
381 1600 406 1660 ai
419 1597 534 1680 quiden
548 1599 642 1680 ipsun
663 1598 723 1660 ianr
740 1597 892 1662 serbun
915 1597 1063 1678 (utsupra
1082 1595 1275 1675 redigere

204 1683 258 1766 in)
278 1681 447 1748 nutsndi
468 1683 616 1748 notionem
637 1683 781 1748 continete
809 1683 973 1762 elegantior
995 1682 1084 1744 nulto
1104 1689 1135 1744 et
1162 1681 1276 1744 dilici-

203 1769 265 1833 licr
285 1769 363 1834 rotic
386 1775 440 1845 est,
468 1786 533 1833 cunr
556 1769 641 1834 sola
660 1769 960 1852 praepositione
986 1776 1146 1832 euentus
1176 1767 1276 1847 signi·

203 1853 305 1918 icatio
327 1853 461 1918 elicitur.
503 1855 607 1938 ltaque
626 1855 771 1918 sonnis
791 1855 828 1916 iu
849 1854 991 1916 incisu
1012 1872 1049 1916 ιιι.
1067 1852 1183 1916 credita
1205 1861 1278 1916 snut

204 1942 321 2008 somnis
343 1941 385 2004 ite
405 1938 535 2018 credita,
565 1947 597 2004 ut
623 1939 749 2005 iscies
771 1949 849 2002 nse
869 1939 922 2001 tibi
944 1957 1139 2025 apparere
1166 1938 1277 2002 ridea-

203 2033 264 2090 tuu.
305 2025 358 2090 Sic
377 2025 464 2106 Virg.
488 2027 562 2090 Aen.
579 2025 633 2102 Xl.
654 2030 742 2093 ille
771 2042 856 2108 quern
878 2024 998 2104 pellis
1025 2025 1107 2087 uenis
1129 2025 1170 2086 1u
1192 2023 1278 2106 plu·

124 2183 131 2198 Ι
204 2127 293 2174 urauu
316 2113 446 2192 aqnams
467 2112 794 2192 conuertetepebat
838 2110 973 2174 Sinilius
989 2110 1073 2172 etiuus
1084 2109 1277 2176 'lucit-buu.

204 2195 255 2272 Ν,
277 2201 307 2270 2,
329 2200 377 2260 8.:
412 2213 489 2278 quae
518 2213 558 2260 ex
585 2195 757 2279 longinquis
788 2197 824 2260 iu
850 2198 970 2260 auius
999 2194 1277 2272 audiebantur,

203 2279 274 2344 ocll.
306 2281 374 2345 Lis.
398 2280 449 2358 Ν,
470 2283 530 2348 st·
549 2281 662 2358 XXIX,
682 2287 712 2348 8.
753 2281 876 2345 Ssllust.
906 2281 970 2362 lup.
998 2284 1048 2344 iil.
1076 2288 1105 2342 st
1137 2283 1277 2361 queraris

204 2367 358 2448 speciei
379 2383 432 2448 pro
453 2366 616 2448 ueritate
638 2365 832 2448 siguiicotio,
863 2384 940 2448 quae
965 2367 1011 2431 bis
1031 2367 1105 2428 locis
1137 2369 1278 2430 cornibus

204 2453 327 2530 obduet,
348 2451 435 2529 absit,
455 2452 584 2518 tortam
604 2461 702 2519 tuueu
723 2453 895 2518 insolentius
914 2452 1001 2516 etian
1023 2451 1108 2520 cuc
1122 2449 1209 2515 Fust.
1226 2453 1279 2530 lll,

204 2539 299 2606 ese:
330 2537 372 2604 iu
398 2538 581 2606 lacrimas
608 2541 765 2620 cognite
794 2539 910 2604 Bucobe
937 2556 1042 2602 neas.
1107 2537 1169 2601 lun
1200 2557 1277 2604 sera

306 2642 336 2689 t.
348 2626 401 2688 83.
419 2624 522 2688 mirum
534 2631 588 2700 est,
607 2623 813 2691 Merlulunduut
831 2634 860 2688 et
872 2623 923 2706 qui
934 2623 1100 2686 consecuti
1111 2632 1179 2685 suut
1193 2624 1278 2686 Sun-

204 2714 265 2774 teu·
282 2707 524 2778 liesblluinoel.
546 2710 755 2776 simulacre
775 2745 818 2756 -
837 2707 1001 2788 efligies
1022 2725 1093 2772 sere
1115 2727 1279 2791 expres·

73 2875 76 2880 .
204 2811 269 2858 sar
295 2795 494 2876 interpretari,
521 2811 587 2860 euru
607 2803 764 2862 nccmrues
783 2797 928 2873 imagines
950 2792 1009 2859 dici
1030 2813 1068 2858 ex
1096 2795 1279 2858 anteceden-

204 2879 283 2943 tibus
302 2880 449 2956 uersibos,
476 2881 619 2963 inprimis
640 2899 711 2962 sero
735 2900 772 2944 eu
789 2881 952 2962 insequenti
973 2887 1125 2963 uppareut
1176 2879 1280 2964 lnpo-

205 2965 266 3030 auit
284 2964 356 3041 illia,
376 2965 523 3042 dilabor,
542 2968 772 3050 praepositionis
791 2965 839 3029 ed
860 2985 929 3028 usus
949 2965 1131 3040 insolentior,
1153 2963 1191 3029 de
1215 2986 1279 3048 quo

177 3049 267 3116 1tid.
295 3068 398 3115 contu.
427 3052 466 3115 ad
487 3050 535 3114 El.
556 3051 606 3128 Ν,
627 3045 658 3128 δ’,
680 3055 732 3117 bi.
783 3049 856 3114 Num
883 3070 920 3114 ue
946 3051 1055 3114 Statius
1077 3051 1208 3134 quideuu
1237 3051 1278 3118 ad

205 3153 293 3220 quern
313 3137 440 3202 noxiae
458 3147 630 3219 prorceaut,
650 3137 724 3202 Silo.
746 3137 799 3214 lll,
818 3141 849 3215 3,
871 3141 934 3202 200
948 3155 1013 3218 sqq.
1036 3136 1103 3199 dun
1124 3145 1194 3200 aute
1214 3145 1278 3200 sta-

205 3221 1280 3308 tbsnrdelnuotae„Aliatoaquepios-oritoraquesouruia“

205 3317 375 3388 poscentem
402 3307 644 3390 nariwnrtauit,
673 3311 768 3392 ipsum
789 3308 904 3390 siguum
922 3327 1043 3374 ueneonu
1064 3326 1278 3391 responsurum

206 3410 274 3455 esse
294 3391 449 3472 significat,
477 3392 530 3455 sed
559 3393 626 3470 nise
653 3403 806 3460 nocturne.
854 3395 917 3458 Nec
938 3391 1044 3456 deinde
1069 3412 1097 3456 r.
1119 3397 1174 3460 et.
1193 3404 1277 3458 reete

205 3477 429 3556 intellexeruut,
463 3479 515 3560 qui
541 3497 671 3561 pauee
696 3489 805 3542 butum
832 3478 949 3542 rerba
976 3479 1139 3543 concedere
1168 3481 1277 3544 narito

206 3561 376 3628 Gcrneliarn
409 3563 574 3630 crederent.
636 3565 759 3630 Scilicet
786 3565 952 3646 praedicati
982 3583 1121 3632 sunnam
1147 3565 1181 3628 iu
1214 3573 1279 3628 at·

205 3645 357 3712 tributo
397 3649 693 3734 (responsurae)
730 3651 855 3733 positam
889 3668 948 3714 nou
982 3658 1145 3719 senserunt
1210 3651 1278 3714 llos
1358 3715 1359 3734 ¹

207 3731 285 3796 euin
313 3733 389 3798 rults
421 3735 480 3800 Ubi
507 3735 658 3798 uobiscum
686 3735 834 3816 loqueris,
875 3735 1052 3820 singulaque
1080 3735 1173 3800 rerba
1200 3737 1278 3800 iacis
1358 3739 1359 3808 ἶ

207 3817 255 3890 (ιιι
276 3834 345 3880 uucx
372 3825 417 3880 est
443 3828 558 3884 secreto
582 3823 852 3904 conquerentium),
880 3821 943 3884 dio:
971 3821 1168 3906 respondebo.
1219 3821 1279 3888 bt·
1358 3833 1359 3894 1

206 3902 295 3968 caudi
320 3919 414 3984 penus
432 3905 643 3972 illustresinua
664 3907 700 3990 Q,
721 3905 755 3973 P.
776 3907 797 3976 l.
818 3907 840 3976 l.
861 3905 888 3992 5.
911 3909 963 3970 23.
981 3927 1013 3994 p.
1035 3912 1108 3978 stt.
1135 3907 1207 3974 coll.
1225 3907 1278 3976 El.
1358 3923 1359 3950 ³

206 3988 577 4068 stffimmms

308 4093 339 4139 s.
357 4075 409 4140 85.
435 4073 576 4138 lecton
602 4075 801 4142 aduersum
828 4081 909 4142 recte
935 4075 1052 4160 quiden
1079 4077 1278 4159 geniale·

207 4155 268 4246 diei
295 4158 452 4242 Scaligerc
483 4167 588 4225 sutore
609 4163 737 4246 interpp.
759 4161 907 4226 uiderunt.
955 4163 1016 4228 Sed
1044 4163 1198 4246 quomodo
1219 4165 1279 4228 is·
1358 4223 1359 4238 .

207 4261 283 4312 uua
300 4243 439 4316 lactuur
460 4253 612 4316 nutura
639 4247 797 4328 diceretur,
825 4266 911 4316 neuun
932 4249 1084 4356 explicuit
1133 4251 1184 4320 'l'o
1207 4267 1279 4318 sero
