2762 4902
492 389 663 492 stegnv,
688 407 737 472 ro.
1066 406 1144 484 499
1227 507 1229 512 Α
1304 489 1307 496 ¹

2 611 6 619 ⁴
77 579 224 663 -ipso
246 577 365 642 lisina:
391 575 544 642 Brenno
563 578 632 640 iact.
655 577 693 638 ab
716 578 792 658 ipso,
818 527 1136 660 qnod'prnbarflsnn-
1268 631 1272 648 ,

75 666 138 740 bos,
157 669 212 728 nui
233 665 352 728 Rhenus
381 663 656 744 parervirtonart
683 663 828 742 displicet.
878 667 915 726 At
944 665 1018 726 nibil
1038 666 1136 745 poetis

4 774 6 787 ⁴
76 750 413 831 Latinislreqnentios,
450 769 535 830 quam
563 749 714 811 berorum
744 751 888 828 originem
917 767 936 810 a
963 749 1039 812 diis
1066 768 1135 830 po·

5 930 15 987 .’
75 921 129 1001 lig.
162 920 200 984 nd
235 921 282 985 Ei
311 921 341 997 Ι,
373 925 427 990 ll,
459 926 506 983 tr.
540 919 690 982 Drakenb.
726 920 764 981 ad
795 919 851 984 Sil.
878 920 945 982 ltal.
972 920 1032 996 XI,
1061 925 1135 986 290.

9 1049 11 1056 ,
76 1007 153 1086 Quid
175 1007 268 1086 igitur
288 1008 399 1080 mirum,
421 1006 498 1086 qnod
517 1006 666 1082 gloriosus
689 1006 737 1066 bic
759 1005 879 1084 regulos
897 1005 1026 1068 Rhenum
1040 1007 1135 1088 ipsum

12 1079 14 1121 Ι
75 1110 133 1156 non
146 1105 257 1174 patrem
279 1092 371 1172 (quod
390 1093 442 1152 ille
461 1097 569 1172 putot),
589 1090 641 1153 aed
665 1100 780 1152 atavum
797 1101 826 1154 et
845 1097 998 1156 aucorem
1016 1094 1136 1168 generis

4 1180 8 1202 ²
72 1180 187 1242 iactati
229 1178 295 1243 vid.
316 1179 391 1238 enim
412 1178 521 1240 similia
549 1178 665 1239 inventa
685 1175 762 1256 opud
784 1173 973 1250 stltun'xv‚
988 1181 1053 1240 'tto
1070 1196 1137 1260 sqq.

1 1257 15 1343 ,Ι
176 1282 206 1326 r.
236 1268 288 1326 tt.
319 1255 864 1326 Nobilisereotis-ssrotis.
914 1263 1137 1343 lips-elbi-

1 1353 16 1391 Ι
73 1351 149 1414 sin:
171 1367 188 1412 e
211 1349 328 1412 tectis
350 1351 546 1422 coniecerunt,
570 1349 605 1410 de
628 1337 762 1412 curribus
775 1348 926 1410 Gallorum
941 1351 1138 1430 interpretati,
1237 1419 1239 1422 v

1 1426 14 1495 l
73 1438 127 1518 qui
150 1452 316 1515 superne
342 1436 440 1497 tecti
469 1435 627 1496 inerint.
664 1438 719 1496 ,At
740 1443 829 1496 testes
857 1451 932 1514 quos
958 1433 1005 1495 iili
1036 1435 1138 1516 prole·

3 1535 13 1552 “
72 1531 143 1585 runt
172 1522 245 1582 satis
271 1520 451 1598 locupletes,
479 1519 594 1581 Caesar
624 1518 660 1580 de
689 1518 769 1581 bello
803 1519 879 1582 Gnll.
902 1519 951 1593 tv,
974 1522 1025 1588 33.
1054 1521 1139 1584 Mela

1 1606 11 1654 ¹
71 1607 124 1684 ΙΙΙ,
145 1611 177 1672 6.
207 1606 314 1668 Florus
336 1605 389 1680 ΙΙΙ,
410 1610 440 1668 Ι.
471 1603 508 1666 de
537 1605 655 1667 tectis
684 1607 820 1667 curribus
846 1623 883 1668 ne
909 1624 995 1672 uotum
1022 1606 1141 1687 quidem
1253 1599 1254 1604 ’

73 1695 210 1758 rerbnm.
253 1690 367 1754 Caesar
389 1700 507 1754 contra:
536 1690 672 1762 „l’rimo“
693 1691 796 1772 inquit,
826 1709 901 1772 „per
923 1708 1022 1756 omnes
1041 1703 1142 1774 pantes

1 1775 16 1827 ΙΙ
72 1779 268 1863 perequitant
290 1785 320 1838 et
338 1776 398 1839 tela
426 1775 612 1838 ooniioirrnt“
632 1805 674 1820 -
698 1785 728 1838 et
755 1775 845 1856 poulo
878 1777 975 1838 inira:
1003 1788 1142 1852 „tantum

1 1852 15 1926 Ι.
69 1885 130 1930 usu
157 1862 334 1944 quotidiano
364 1872 394 1925 et
422 1863 632 1923 exercitatione
662 1860 882 1936 officinae-nti
911 1864 941 1924 in
970 1861 1076 1924 declini
1104 1879 1143 1926 ao

7 1950 15 1999 t
70 1949 236 2034 praecipiti
259 1948 327 2010 loco
351 1947 487 2009 incitatos
510 1964 604 2027 equos
625 1947 769 2010 sustinere
790 1955 819 2010 et
839 1947 922 2011 breui
944 1949 1143 2011 moderari

8 887 11 913 ,
76 834 768 916 triis,fluuialibusimprimisrepetere.
820 834 1136 898 Gl.Burm.etSon·
1262 815 1312 854 ’Δ

1 2038 14 2090 i
71 2046 104 2101 et
126 2036 301 2098 flectere
325 2041 355 2096 et
374 2051 428 2112 per
448 2043 589 2096 temonem
604 2035 1051 2112 percurrere—consuerint.“
1084 2035 1144 2110 Qui
1253 2041 1262 2056 “

69 2124 161 2188 locus
176 2119 266 2181 veluti
285 2117 323 2181 a'd
343 2119 615 2198 interpretationem
629 2119 818 2198 Propertisni
838 2119 923 2181 boios
942 2119 1047 2195 iactus,
1067 2121 1145 2201 opti·

4 2219 14 2282 t
69 2227 119 2282 nne
141 2203 216 2287 quid
239 2214 504 2268 rectacrotae
524 2203 624 2278 uelint,
647 2203 789 2266 declarat.
833 2203 1145 2286 inipsoenimonrstt
1195 2221 1197 2227 ’

2 2294 14 2355 i
69 2304 101 2358 et
132 2293 204 2355 dnm
233 2306 369 2360 onrros
398 2306 593 2372 equosque
620 2271 748 2368 regit,
782 2288 908 2353 lundene
937 2291 997 2352 tela
1025 2291 1145 2354 solitum

1 2387 11 2439 t
67 2397 139 2443 esse
164 2374 373 2440 virdomarum
395 2377 449 2438 ait.
497 2374 578 2438 ldenr
599 2385 695 2436 autem
719 2374 858 2438 Caesaris
879 2375 963 2438 locos
983 2395 1079 2458 paene
1102 2377 1147 2438 ei-

5 2463 12 2526 i
65 2466 156 2537 feeit,
180 2471 215 2524 ut
236 2479 292 2541 pro
314 2461 470 2524 Nobilis
488 2493 530 2504 -
549 2458 710 2538 Mobilis
731 2479 958 2541 reponeremus,
988 2463 1045 2524 nisi
1072 2462 1147 2524 scri·

1 2567 11 2616 t
63 2562 190 2636 pturam
215 2546 292 2609 banc
314 2547 345 2607 in
367 2546 404 2610 tt.
425 2545 560 2619 deletam,
582 2544 700 2607 librarii
717 2550 814 2625 potius
837 2546 924 2628 lapso
946 2555 1042 2608 natam
1065 2547 1147 2610 stab

1 2627 8 2701 i
64 2637 177 2702 eadem
208 2649 297 2693 mann
320 2641 500 2702 correctam,
527 2647 613 2710 quam
643 2641 793 2710 acceptam
821 2632 858 2693 ab
882 2629 1042 2710 exemplari
1072 2632 1150 2694 anti·

1 2747 6 2788 r
63 2725 182 2808 qrriore
198 2734 278 2791 esse,
300 2716 431 2778 codicum
446 2723 636 2792 cognatorum
650 2713 849 2795 discrepantia
863 2723 1031 2778 testaretur.
1058 2713 1151 2780 blein·
1181 2741 1185 2750 =
1260 2739 1265 2756 ,

4 2831 8 2872 r
62 2811 105 2873 sii
129 2821 208 2871 sero
236 2802 440 2864 coniecturae:
471 2801 619 2862 erectis
641 2835 683 2848 -
705 2803 808 2863 toris
829 2800 899 2863 ideo
927 2803 1151 2882 interpretatio·

1 2907 8 2962 i
63 2909 222 2960 memnon
246 2887 398 2963 addimus,
426 2903 464 2949 ne
483 2885 624 2950 lectorem
645 2887 821 2968 aenigmatis
852 2884 1049 2951 delectatione
1067 2887 1154 2952 iran-

61 2983 190 3062 demus.

1 3093 5 3132 r
177 3081 209 3126 r.
236 3061 291 3122 ts.
314 3057 398 3122 llnno
417 3075 532 3120 tersum
548 3073 585 3120 ea
605 3067 716 3121 tantum
742 3057 812 3138 lege
833 3057 1027 3141 aPropertio
1049 3059 1153 3142 proie-
1268 3121 1285 3131 ,

2 3181 3 3216 1
59 3163 147 3220 otum
169 3144 383 3218 concedamus,
411 3145 447 3217 si,
478 3143 557 3224 quod
580 3163 637 3206 non
657 3161 728 3207 raro
750 3163 769 3206 a
790 3148 888 3226 poetis
907 3146 1021 3209 Latinis
1043 3145 1153 3208 iactum

1 3285 4 3297 .
61 3255 137 3305 esse
163 3240 292 3298 constat
313 3229 366 3306 (oi.
384 3229 514 3310 interpp.
538 3228 576 3290 nd
598 3230 683 3310 virg.
706 3231 780 3294 Aen.
803 3231 852 3306 Vl,
872 3234 972 3310 8η),
995 3249 1032 3293 ex
1051 3233 1152 3295 aestio
1220 3267 1226 3274 ·

61 3344 128 3410 quo
145 3323 258 3405 prisco
285 3316 425 3390 carmine,
445 3314 536 3379 relati
559 3332 596 3377 ex
617 3317 779 3378 Annalibus
795 3315 893 3391 Ennii,
915 3319 972 3381 bno
993 3319 1154 3380 translatus

59 3414 174 3478 inerit.
223 3402 369 3482 Alioquin
398 3401 474 3463 enim
503 3401 668 3464 obsoletam
693 3403 817 3465 iormarn
844 3402 914 3465 illi
941 3419 996 3483 pro
1022 3405 1155 3481 genitivo

59 3499 204 3586 positam
230 3491 301 3571 quis
322 3491 350 3548 itt
372 3487 528 3570 Propertio
553 3487 658 3550 ierat?
700 3489 763 3552 Neo
786 3500 887 3551 rursus
909 3487 1063 3550 Perseiani
1083 3485 1158 3551 libri

61 3597 96 3651 et
118 3580 278 3646 italorum
308 3573 496 3634 coniecturae
523 3571 631 3646 irruant,
662 3591 739 3654 qnae
768 3575 846 3637 unde
868 3575 942 3637 tanti
964 3573 1156 3662 librariorum

61 3684 200 3738 errores
235 3662 373 3725 uenerint
399 3659 515 3721 minime
536 3657 698 3721 declarant.
750 3659 805 3722 iile
827 3676 898 3723 sero
923 3659 994 3722 libri
1013 3660 1157 3724 Passera-

57 3757 142 3826 tiani
179 3745 405 3832 interpolator,
438 3762 502 3807 conr
537 3745 709 3822 tingatis
737 3745 962 3808 velantibus
989 3747 1157 3826 inguina
1253 3769 1256 3779 ¹

58 3836 246 3912 braccis
280 3831 462 3908 corrigeret,
496 3847 533 3892 ne
562 3830 619 3891 boo
643 3828 760 3910 quidem
789 3831 895 3909 sensit,
931 3829 1159 3912 descriptionem

57 3931 273 3998 braccarum,
297 3933 371 3995 qrras
392 3915 439 3976 rel
463 3915 635 3979 breuissime
657 3913 801 3977 indicatas
822 3935 880 3978 non
903 3917 987 3978 nimis
1009 3917 1066 3979 boc
1088 3915 1173 3979 looo'
1243 3993 1251 4000 ι

57 4007 290 4082 laudaverim,
319 3999 446 4079 insipide
472 4003 515 4063 sie
545 4010 574 4064 et
600 4001 631 4062 in
659 4000 832 4080 languorem
860 4020 1001 4064 summum
1027 3998 1158 4064 extendi.

56 4099 200 4171 Lacbm.
227 4085 353 4160 deinde,
376 4085 477 4166 quiin
501 4084 547 4148 ed.
563 4087 645 4166 Lips.
669 4087 869 4150 iaculanti
890 4096 927 4150 ut
949 4088 992 4150 ab
1015 4087 1161 4165 agmine

57 4181 218 4255 coniecit,
249 4176 298 4235 iia
319 4171 487 4260 impeditam
509 4172 638 4234 reddidit
660 4183 689 4236 et
711 4171 840 4254 undique
860 4173 1069 4235 subsultantem
1092 4188 1163 4234 ora·

55 4279 198 4344 tionem,
225 4275 322 4344 quam
339 4259 390 4320 six
408 4257 536 4333 nuribus,
555 4259 659 4319 nedum
674 4268 769 4320 mente
790 4259 819 4320 in
834 4277 919 4321 unum
932 4258 1069 4320 ambitum
1084 4264 1174 4320 oom·'

58 4353 239 4448 plectaris.
298 4343 374 4409 Nam
401 4362 430 4410 s.
458 4345 509 4408 39.
536 4343 682 4426 apodorin
708 4345 800 4410 totins
828 4345 946 4428 periodi
971 4359 1037 4408 esse
1061 4343 1165 4422 uoluit,

106 4440 178 4513 ΠΙ,
919 4433 961 4494 33
