2910 4930
218 347 293 428 tou
551 345 812 418 Commentarius
832 347 868 415 in
888 345 986 434 Prop.

221 521 320 586 XXX.
333 520 447 604 Beati.)
466 513 551 588 aad
571 515 883 612 apponeremus
904 519 1154 606 (comoediai,
1169 525 1200 599 ii,
1216 521 1297 605 ll.),

223 627 283 690 quo
305 608 448 675 vilitatem
470 613 516 674 rei
536 611 700 692 significari
719 610 767 675 iit
784 609 824 689 11,
846 612 897 687 14,
912 615 964 675 12.
979 618 1120 694 apparet:
1142 609 1299 688 „iiioeivar

224 696 305 758 sicoo
324 695 413 760 vilior
434 715 500 763 ease
520 697 626 774 laou“;
647 698 757 766 tionum
777 698 854 760 enim
867 697 931 761 illio
950 705 996 762 eat
1014 697 1196 760 exhaustum.
1238 695 1300 758 tti-

222 781 374 858 diligitur
393 785 423 844 in
442 801 476 846 se
490 793 606 847 restare
619 783 743 864 iugenio
762 801 816 848 suo
838 783 957 864 dignum
970 783 1023 859 ait,
1042 780 1097 866 sed
1111 783 1142 844 in
1156 781 1223 846 sola
1234 781 1301 860 ista

221 867 295 934 trita
315 870 461 932 hominnm
481 869 672 936 mediocrium
690 866 844 950 cogitandi
860 869 978 934 ratione
999 884 1033 932 se
1055 869 1183 932 versavi

326 973 355 1018 v.
376 959 408 1020 4.
429 956 630 1020 Promissa
655 957 777 1021 verba
803 973 880 1040 quae
901 957 973 1032 rint,
1001 973 1078 1018 unus
1097 954 1226 1018 Iacobus
1247 953 1298 1016 in-

222 1037 350 1104 tellexit.
392 1041 489 1117 „Sunt
510 1044 597 1118 enim,
625 1050 657 1106 nt
677 1041 731 1106 ilie
752 1042 805 1118 ait,
825 1044 929 1116 veros,
956 1058 1155 1123 quaerentur
1176 1039 1296 1104 alienus

223 1127 481 1208 promiserat,
508 1146 547 1192 se
575 1127 713 1192 dominas
733 1127 875 1192 amatoris
905 1128 1070 1192 laturum
1095 1129 1216 1190 esee.“
1257 1124 1296 1189 dm

223 1231 285 1294 qua
305 1213 551 1294 interpretatione
572 1213 630 1276 hoo
651 1233 738 1277 unum
757 1215 903 1296 improbo,
924 1211 1004 1295 quod
1025 1214 1072 1278 vir
1091 1213 1146 1276 iiie
1169 1213 1297 1278 eximius

224 1299 395 1362 alterius
418 1317 534 1363 servum
555 1299 684 1381 ipsius
705 1299 862 1382 puellae
884 1307 1031 1364 amatae
1061 1317 1177 1364 servum
1199 1299 1298 1378 signi-

223 1383 309 1446 icari
330 1401 389 1447 non
410 1387 512 1450 sensit
554 1384 629 1448 Nam
656 1405 750 1450 auae
776 1385 835 1449 uisi
855 1385 906 1469 qui
928 1385 967 1450 de
987 1382 1137 1448 industria
1155 1385 1298 1464 ambigue

224 1470 310 1551 ioqui
331 1470 470 1545 voluerit,
490 1471 530 1534 ad
550 1470 634 1535 aliud
654 1472 835 1548 subiectum,
862 1491 950 1554 quam
971 1470 1052 1552 quod
1070 1471 1163 1535 verbo
1184 1471 1298 1534 ierat

224 1559 402 1632 continetur,
420 1555 537 1622 reterre
558 1575 617 1622 uon
639 1559 744 1640 potuit.
787 1557 898 1622 Cetera
918 1559 1083 1623 rectissime
1102 1566 1179 1620 sunt.
1220 1555 1298 1622 Vul-

225 1653 327 1722 gatum
351 1644 427 1706 anim
448 1646 522 1720 satis
545 1643 663 1708 dieendi
676 1643 888 1727 compendium,
909 1655 941 1708 ut
961 1643 1001 1708 ad
1013 1645 1202 1726 participium
1223 1659 1297 1723 pas·

225 1728 282 1792 siti
297 1746 399 1792 eorum
421 1730 578 1794 verborum
601 1747 680 1813 qnae
699 1731 901 1813 personaliter
923 1749 952 1812 q.
974 1730 1003 1792 d.
1020 1731 1093 1814 poni
1113 1745 1210 1792 sermo
1231 1729 1298 1792 La·

225 1815 304 1880 tinus
331 1815 379 1880 vei
399 1813 499 1892 iubet,
528 1817 577 1882 vel
603 1817 763 1899 permittit,
791 1816 1020 1880 infinitivus
1049 1817 1229 1898 passivus
1256 1831 1297 1877 ex

224 1901 346 1964 verbo
369 1900 471 2006 alipno
487 1901 613 1966 iiuito
635 1902 819 1985 suppleatur.
836 1969 838 1974 ,
860 1903 923 1968 Neo
938 1919 1020 1979 raro,
1042 1903 1067 1964 si
1079 1901 1178 1966 solvas
1192 1899 1296 1977 verba,

225 1975 474 2050 ἆνακολουθιαν
502 1989 648 2070 quandam
683 1987 899 2071 deprehendes.
962 1989 1015 2052 Sin
1040 1988 1127 2067 Vir-g.
1154 1989 1229 2052 Aeo.
1254 1985 1297 2062 X,

225 2075 317 2138 itta
347 2074 424 2136 sooii
452 2083 658 2138 euaserunt
678 2093 847 2158 aequore
868 2077 975 2140 iusso
1005 2074 1120 2152 (iussi
1142 2081 1298 2155 expeotes3

225 2167 256 2222 et
275 2159 335 2235 sio,
358 2158 437 2242 qnod
458 2162 489 2222 in
512 2161 706 2241 grammatico
728 2179 786 2225 non
808 2162 944 2238 mireris,
965 2161 1088 2226 Servius
1108 2160 1215 2240 legere
1233 2177 1298 2222 ma·

224 2241 306 2321 luit).
351 2243 440 2312 Ouid.
457 2245 540 2312 Fast.
561 2247 601 2326 ii,
622 2251 712 2312 388.;
733 2247 772 2312 Et
793 2249 928 2328 geminos
949 2247 980 2310 io
1002 2245 1098 2314 ioca
1113 2247 1222 2308 iussa
1242 2243 1298 2318 ie-

225 2338 326 2394 runt
375 2330 461 2396 Unde
489 2331 597 2398 iaioum
626 2351 693 2398 esse
714 2335 872 2400 Burmann.
895 2342 1038 2416 apparet,
1067 2333 1118 2413 qui
1148 2330 1204 2394 Sil.
1225 2328 1317 2394 itai.'

224 2415 265 2493 X,
285 2419 377 2482 idn:
397 2419 515 2500 iamque
536 2419 672 2484 ordino
694 2421 800 2485 iusso
820 2421 1015 2500 obstringant
1034 2420 1146 2482 animes
1168 2418 1300 2498 patrina

224 2503 361 2568 tentabat
389 2504 497 2570 inssi.
546 2507 680 2573 Facilius
708 2516 768 2583 est,
795 2507 885 2588 quod.
909 2507 1001 2588 Prop.
1022 2503 1070 2568 Ei.
1091 2503 1130 2581 11,
1153 2509 1205 2580 29,
1226 2507 1298 2568 20.:

225 2585 264 2652 iit
285 2591 344 2653 iam
371 2589 410 2654 ad
433 2591 649 2659 mandatam
674 2593 804 2658 venimus
831 2610 901 2658 ecee
922 2591 1072 2656 domum.
1121 2588 1196 2652 Nam
1216 2607 1300 2652 man-

146 2722 150 2732 .
220 2671 301 2738 dare
322 2675 411 2740 etiam
429 2680 495 2742 sine
516 2679 660 2744 infinitivo
683 2687 853 2761 usurpatur.
901 2677 967 2742 idue
988 2687 1085 2740 tamen
1107 2676 1189 2738 reier
1210 2674 1300 2740 Ouid.

225 2761 301 2826 Met.
322 2761 377 2840 111,
396 2767 489 2831 ten:
519 2765 629 2830 Ultima
652 2783 710 2831 vox
732 2766 887 2830 solitum
907 2765 964 2827 init
982 2763 1057 2826 haee
1079 2762 1299 2845 spectantis

225 2843 258 2909 in
279 2846 432 2929 nudam,
456 2858 491 2917 et
520 2870 598 2934 quae
623 2849 661 2916 de
688 2851 837 2916 simiiiimo
867 2869 923 2916 usu
947 2848 1087 2916 adieetivi
1111 2847 1300 2929 indignus

225 2933 447 3001 observavimus
470 2935 509 3000 ad
529 2937 577 3002 El.
600 2935 637 3014 il,
660 2942 711 3014 16,
736 2943 787 3004 iti.

326 3038 355 3086 v·
379 3026 495 3090 7-10.
518 3023 592 3090 Post
611 3041 701 3088 oasa
720 3023 833 3088 demum
845 3021 1091 3102 interrogationis
1104 3020 1219 3100 signum
1234 3017 1302 3082 eoi-

223 3103 393 3172 looaudum.
441 3109 496 3174 Eat
517 3111 594 3174 euim
617 3109 814 3192 percontandi
840 3127 933 3190 genus
956 3107 1003 3185 id,
1032 3106 1070 3171 de
1093 3124 1151 3187 quo
1174 3113 1303 3187 egerunt

224 3191 380 3258 Drakenb.
402 3194 441 3258 ad
460 3194 527 3259 Liv.
548 3196 599 3274 iv,
620 3199 650 3272 2,
672 3200 724 3261 12.
745 3193 866 3262 Heindi.
886 3193 925 3258 ad
941 3195 1015 3258 Hor.
1029 3195 1124 3257 serm.
1144 3192 1185 3272 11,
1197 3194 1228 3269 5,
1248 3190 1301 3256 18.

224 3277 296 3340 ooli.
318 3278 381 3346 (iio.
400 3281 488 3347 verr.
508 3281 563 3362 111,
588 3286 637 3347 to.
659 3281 730 3346 Ter.
751 3281 845 3346 Andr.
867 3281 919 3356 iii,
940 3285 971 3356 it,
988 3283 1038 3344 12.
1056 3277 1178 3356 Xrttger
1199 3278 1249 3341 Gr.
1261 3277 1300 3342 L.

223 3362 263 3426 1..
286 3365 313 3450 §.
334 3368 409 3445 oti,
435 3373 466 3430 2.
485 3368 620 3448 possis
642 3365 798 3442 tuu'erit,
818 3365 1091 3448 impetraveris
1114 3363 1158 3426 de
1180 3371 1228 3428 te.
1250 3361 1300 3430 Gi.

225 3447 642 3530 Et.1,1o,37.i17,1.
666 3454 915 3527 11.1‚8,o.a.

120 3572 125 3580 ·
327 3555 356 3602 v.
378 3542 410 3604 9.
432 3539 557 3602 amari
585 3539 703 3622 optimis
731 3539 819 3602 iiiris
849 3533 1172 3602 commendatitiarum
1201 3531 1304 3595 Lath-

223 3636 330 3687 manno
350 3625 479 3688 retineo.
522 3625 585 3688 Neo
606 3635 704 3690 tamem
718 3621 888 3702 absurdum,
908 3621 987 3706 qood
1009 3621 1187 3684 Heinsianus
1209 3636 1302 3699 prae·

224 3705 295 3771 iret:
325 3711 447 3775 avari.
489 3710 648 3776 Horatiaui
674 3713 750 3776 enim
767 3711 909 3792 Marsyae
936 3707 1075 3772 admouet
1095 3707 1206 3780 (Serm.
1224 3704 1249 3780 1,
1271 3708 1308 3780 6.

227 3791 334 3872 120.),
363 3796 416 3878 qni
443 3800 576 3879 quamvis
604 3807 713 3862 mutum
733 3814 877 3874 marmor,
906 3795 1048 3859 ruitum
1078 3791 1189 3856 avari
1211 3791 1302 3855 Nouii

225 3877 334 3944 ierre
356 3900 389 3945 se
408 3899 499 3964 posse
520 3895 623 3965 negat.
650 3883 720 3950 vid.
743 3883 856 3948 Soioii.
879 3879 919 3946 ad
942 3898 968 3943 e.
985 3879 1008 3942 1.
1050 3880 1091 3941 At
1112 3877 1247 3953 aiterum,
1269 3877 1303 3940 ni

225 3963 335 4044 iaiior,
359 3969 461 4034 verius
487 3970 585 4034 etiam.
632 3969 709 4036 Nam
727 3969 796 4052 pius
817 3985 905 4051 quam
933 3981 992 4028 uno
1019 3965 1137 4028 nomine
1161 3963 1302 4040 molestus

226 4071 295 4118 esse
314 4053 391 4116 solet
414 4054 545 4119 diiiioilir
564 4055 620 4120 iile
642 4065 671 4120 et
693 4054 833 4120 sordidus
856 4063 886 4118 et
905 4068 1041 4116 morosas
1063 4051 1214 4115 ostiarius.

326 4156 357 4205 v.
376 4141 429 4206 il.
449 4141 629 4208 vertitur.
656 4141 825 4223 ingeniose,
856 4147 889 4204 ut
909 4137 996 4214 soiet.
1017 4136 1185 4201 iiemsteria
1204 4151 1303 4199 ven·

225 4221 343 4290 ditor.
385 4227 450 4290 Neo
478 4243 551 4292 vero
575 4229 707 4311 ineptum
735 4225 816 4310 quoti
841 4221 915 4288 iibri
941 4223 1089 4306 praebeat
1117 4221 1304 4324 vertitur3

222 4311 306 4378 verti
328 4311 406 4380 enim
425 4331 482 4397 pro
502 4315 656 4381 reverti
678 4313 749 4392 diei,
766 4311 919 4395 vulgatum
940 4319 997 4376 est·
1038 4307 1116 4373 Nox
1136 4323 1209 4374 vero
1231 4325 1295 4368 aar
