2812 4918
230 293 310 380 458
559 285 824 363 commortuo
839 285 874 355 in
897 243 996 374 Prop.

235 425 379 547 &gutur
401 461 491 528 etisnr
512 470 544 527 et
560 470 665 526 nostro
682 453 753 524 loeo
775 458 911 538 ciuilius,
933 457 1012 523 uncie
1030 453 1105 522 iliui
1129 473 1276 540 espreour,

233 551 394 620 tennitas
414 567 462 636 ep.
482 549 569 617 suun
590 547 657 614 Pul.
678 547 747 628 vti,
764 548 839 612 455.
860 543 1039 610 Auu.Br.l.
1060 561 1093 628 p.
1107 547 1180 610 248.
1195 545 1279 610 uiis

441 673 580 742 Muneris
595 666 612 736 ἡ
631 671 758 740 φίλοινος
773 665 790 737 ἦ
805 664 908 756 prieur*
919 665 1026 750 nuptiis

443 739 567 793 ἐνταῦθα
585 742 670 818 resipere
688 740 785 820 γρῆυς2
800 756 832 802 ης
848 737 918 808 νπὲρ
935 753 1030 820 puppo

441 803 569 878 promtu
585 809 729 876 προκοπαί
745 821 833 860 nourr
846 804 947 872 'Anssxsp
963 804 1040 867 κυὶιξ

442 875 843 1012 ἔνιὲνῗνοῗὲπῖνῖὧοῖἐῧνεχ’
863 937 879 1008 ἦ
898 937 1001 1004 κύλιξ
1014 939 1109 1008 surti-

238 1053 332 1124 tcto
358 1051 438 1119 unis
466 1053 541 1120 illuri
571 1073 678 1138 suprst
705 1053 746 1120 Et
771 1063 856 1134 tus,
882 1051 984 1138 quoti
1014 1071 1086 1119 uon
1106 1055 1179 1133 ris,
1203 1057 1288 1121 senio

239 1143 346 1205 uenire
372 1143 462 1206 sitin:
497 1141 580 1206 rides
607 1157 680 1206 rero
709 1144 797 1206 etisn
824 1139 958 1206 tutioris
991 1141 1024 1204 iu
1050 1143 1189 1206 couricis
1213 1136 1313 1208 rersc'

239 1227 317 1294 Nsnt
344 1243 450 1292 norun
476 1225 551 1304 icc,
589 1227 668 1310 quod
698 1235 729 1291 et
762 1245 889 1292 rsrsrn
918 1229 1088 1310 supinorum
1116 1228 1248 1312 Propert.
1269 1237 1291 1292 et

240 1320 353 1376 curto
382 1313 487 1376 collo
516 1330 583 1376 esse
601 1313 672 1390 ruit,
702 1313 865 1394 spnoolun
886 1315 960 1378 sutis
991 1315 1182 1380 usniiestun
1206 1323 1234 1380 et
1256 1315 1291 1378 oni

240 1397 359 1480 oesiipo
381 1399 545 1482 interprete
564 1415 624 1462 uon
645 1416 719 1482 opus
740 1399 789 1462 sit.

343 1503 371 1554 r.
395 1488 446 1550 78.
468 1485 632 1567 Opersrunr
653 1485 753 1550 ritinut
775 1486 881 1561 istunc,
902 1481 983 1566 quoti
1004 1484 1192 1551 exBroukir.
1213 1483 1256 1552 etl.
1271 1485 1294 1548 in

239 1567 403 1654 plerusque
423 1571 500 1634 nlius
521 1571 656 1646 uuunut,
677 1571 799 1634 Lucium.
819 1571 948 1636 sustulit.
994 1571 1077 1636 Iden
1098 1591 1127 1636 r.
1150 1579 1203 1639 77.
1223 1590 1295 1635 οιο·

243 1655 337 1733 tiito,
358 1656 559 1722 78.sdiics
579 1657 745 1740 rescripsit,
765 1675 829 1720 curu
849 1669 938 1722 cutes
960 1656 1111 1721 csedite
1134 1668 1166 1724 et
1182 1656 1296 1723 niiitc

240 1743 425 1806 ueriutuuu
445 1740 618 1806 iniicssset.
665 1741 730 1806 iioc
751 1743 789 1808 Ν.
812 1759 877 1805 cunr
898 1751 981 1806 secto
1007 1762 1063 1807 sus
1084 1751 1115 1807 et
1142 1747 1187 1810 Μ.
1208 1754 1298 1820 tueor,

240 1826 318 1892 iiluti
338 1828 493 1892 Liuineius
515 1835 692 1892 cornueutns
716 1837 771 1893 est.
813 1829 874 1892 Scd
896 1827 1029 1893 sdiite
1050 1847 1156 1893 errore
1170 1830 1297 1894 iuciiiiuo

242 1929 281 1978 ex
308 1912 563 1989 unicornuus,
592 1931 650 1997 quo
677 1913 765 1978 noto
795 1932 912 1998 semper
939 1916 970 1978 iu
990 1913 1026 1979 tt.
1049 1915 1106 1978 iic.
1127 1917 1170 1982 D.
1199 1917 1298 1982 ioruee

56 2029 57 2036 .
152 2072 156 2082 .
241 1999 320 2063 istus
339 2001 459 2064 exsrsri
480 1999 588 2064 soient.
638 2001 725 2078 Quod
747 2009 843 2064 auten
863 2019 883 2061 o
903 2001 934 2064 iu
956 2001 1130 2084 inperntiro
1184 2005 1299 2068 rinus

242 2083 282 2148 uh
305 2085 412 2150 Ouidio
434 2093 465 2150 et
485 2087 523 2150 ub
543 2086 601 2148 iroc
622 2087 689 2169 ipso
722 2087 841 2150 senei
861 2095 972 2150 tuntunr
994 2087 1101 2166 (Trist
1123 2087 1139 2150 Ι
1167 2137 1178 2166 ,
1200 2093 1231 2166 3,
1247 2089 1301 2164 72.)
1343 2125 1344 2160 t

243 2181 411 2253 correptore
439 2189 504 2236 esse
532 2173 593 2247 sit,'
625 2173 693 2252 quis
723 2173 851 2235 curuiuur
874 2171 1019 2236 librorum
1047 2189 1196 2238 consensu
1221 2177 1302 2240 treton
1344 2173 1346 2258 i

241 2255 324 2320 istud
345 2259 542 2339 ‚‚prinun“
564 2265 596 2324 et
614 2258 754 2344 „senei
780 2261 946 2326 tuntunr“
970 2260 1002 2324 iu
1028 2257 1220 2343 Propertium
1243 2277 1303 2328 oon·
1346 2273 1348 2354 χ

241 2351 361 2410 uertere
376 2359 432 2408 uos
450 2343 552 2412 receti

489 2611 492 2620 .
611 2543 821 2639 Elegio
861 2547 943 2620 vl.

347 2683 395 2752 De
422 2687 550 2753 oonsilio
577 2689 666 2754 ionius
688 2687 826 2752 osrruinis
846 2687 907 2752 rici.
929 2685 966 2766 Q.
985 2683 1020 2752 P.
1039 2683 1064 2762 i,
1085 2685 1117 2751 5.
1139 2701 1172 2770 p.
1195 2687 1255 2762 28..
1275 2683 1306 2749 ie

243 2781 378 2857 tenpore
398 2782 430 2838 et
449 2775 608 2840 occasione
626 2775 797 2858 scriptionis
810 2773 889 2840 ibid.
911 2783 941 2837 et
961 2771 1014 2850 Ili,
1036 2775 1067 2834 3.
1088 2789 1118 2854 p.
1132 2775 1208 2838 228.
1238 2771 1307 2838 (ture

246 2861 334 2936 euius,
355 2875 395 2923 ue
413 2859 462 2926 iic
482 2861 693 2945 interpretibus
713 2871 742 2926 ts
756 2859 898 2936 conitus,
920 2859 972 2941 qui
993 2859 1091 2922 cuuis
1109 2860 1244 2936 nisceut,
1264 2856 1307 2940 qui

244 2947 301 3014 nos
323 2945 411 3011 iudos
431 2949 569 3012 Actiacos
588 2947 742 3011 Palatinos
761 2949 822 3010 ium
839 2965 869 3010 ο.
892 2945 927 3009 U.
951 2947 1023 3010 738.
1045 2946 1133 3008 tertio
1156 2954 1243 3010 uctos
1263 2950 1307 3007 sut

245 3049 311 3097 cnut
339 3031 444 3097 citeris
463 3035 557 3097 rictiis
582 3043 635 3098 sut
661 3049 726 3096 cunr
747 3031 828 3096 luciis
849 3031 1053 3094 sseculuribus
1081 3047 1118 3093 so
1140 3031 1208 3113 ipso
1237 3045 1306 3094 suun

151 3139 155 3148 ·
244 3118 406 3184 celebratis
425 3119 616 3182 confundunt
663 3119 724 3183 llis
742 3119 819 3182 enin
839 3117 928 3180 Actin
952 3118 1050 3179 utstinr
1070 3125 1138 3198 post
1159 3119 1307 3182 uictorisu

245 3221 276 3268 ο.
296 3207 371 3269 728.
393 3205 424 3267 iu
445 3207 511 3286 ipso
534 3207 636 3270 littore
655 3206 779 3268 rictiaco
801 3203 839 3265 ub
858 3205 992 3283 Augusto
1013 3203 1148 3266 institute
1169 3213 1248 3278 suut,
1268 3201 1308 3266 ret

244 3291 346 3374 potius
372 3289 660 3372 redintegratus.
711 3289 757 3353 Gi.
789 3287 907 3352 Gallim.
933 3280 969 3350 ἒν
996 3286 1044 3372 τῷ
1065 3283 1148 3374 περὶ
1165 3281 1308 3372 Myrsinos

246 3391 297 3456 up.
317 3375 464 3460 iisrpoer.
492 3386 522 3441 st
541 3377 623 3440 Sniri.
645 3394 669 3440 s.
689 3392 718 3439 r.
737 3375 852 3438 incubo.
874 3373 998 3437 Auium.
1020 3373 1059 3436 sd
1079 3376 1168 3440 Auttr.
1190 3375 1243 3438 Gr.
1262 3373 1309 3437 IX.

244 3477 277 3546 p.
301 3463 372 3524 787.
416 3463 567 3548 Triplices
586 3461 650 3527 lotii
672 3471 757 3526 eruut
777 3478 861 3525 ruore
879 3459 1011 3524 Graeco:
1039 3461 1152 3542 musici,
1177 3459 1309 3540 gymnici,

246 3545 367 3608 euruies
394 3547 646 3624 (Diuersum,
670 3551 714 3624 i.)
741 3557 810 3623 sut,
837 3549 864 3611 si
892 3547 1043 3629 Stephano
1072 3545 1146 3626 Byu.
1176 3545 1251 3610 ides
1271 3540 1308 3626 (r.

234 3617 367 3708 Ἀκτια)
387 3635 523 3715 gyuruici,
547 3635 660 3709 tunsici,
679 3634 848 3710 uureies,
872 3633 967 3714 etqui
989 3629 1073 3695 suuis
1093 3631 1218 3695 siternis
1237 3629 1309 3695 ceie-

135 3749 140 3758 ·
244 3715 406 3781 brureutor
424 3715 666 3806 (τριετηρίδες).
716 3719 830 3784 Gootrc
846 3721 893 3796 iri,
920 3719 970 3798 qui
988 3717 1126 3783 Ronrse
1149 3727 1180 3782 et
1198 3719 1230 3782 iu
1251 3717 1309 3780 Ps-

246 3799 347 3866 lutio
370 3807 536 3882 ugeosurnr
557 3809 588 3872 in
610 3807 824 3869 mensorium
843 3821 963 3888 pugusc
985 3803 1131 3886 spopuio
1152 3803 1263 3868 decreti
1282 3819 1307 3862 n.

247 3885 286 3950 U.
304 3888 376 3950 728.
398 3887 630 3973 (ψηφισθεῖσα
658 3887 866 3975 πανήγυρις),
892 3889 1201 3971 quinquennales
1230 3893 1309 3952 ercut

248 3979 281 4037 ct
301 3971 426 4054 proprie
454 3972 762 4063 πεντετηρίδος
782 3977 853 4054 (Dio
875 3975 959 4040 Guss.
978 3975 1060 4050 Lili,
1084 3977 1148 4061 1.).
1161 3975 1183 4038 i.
1206 3992 1234 4038 ο.
1262 3969 1308 4054 qui

248 4057 384 4139 quinto
413 4075 565 4140 quoque
592 4081 688 4126 suno
716 4063 780 4127 sire
809 4069 994 4145 quattuor
1015 4079 1131 4144 scruper
1154 4061 1240 4124 suuis
1266 4059 1309 4120 iu·

247 4143 346 4222 tegris
368 4143 598 4209 interiectis
618 4157 818 4214 recurrerent.
867 4147 968 4212 Testis
987 4147 1064 4224 Dio,
1091 4147 1144 4230 qui
1163 4145 1240 4221 etv,
1263 4146 1309 4207 ¹9·

248 4245 280 4294 ο.
298 4229 335 4296 U.
355 4233 428 4296 788.
448 4232 739 4326 Agrippnpruesiie
760 4242 897 4320 quarto
917 4250 970 4299 eos
987 4233 1106 4300 inuitos
1127 4249 1193 4300 esec
1212 4227 1313 4300 trudit.
