2912 4920
201 305 281 388 814
536 303 797 374 Commorientes
816 304 852 372 1ιι
869 303 971 392 Prop.

208 471 425 556 ploaiolauleo
445 477 606 542 recenseri.
638 475 860 552 llambaeltua
880 491 941 540 aaa
951 473 1118 550 afficeras,
1140 481 1283 538 etcartra

145 627 149 634 ,
208 559 356 641 Syphacis
377 565 557 646 expugnarit
575 573 605 627 et
626 565 787 628 eceroitum
809 563 938 640 deleritr
964 562 1005 626 ul.
1025 562 1090 624 bin.
1110 560 1206 636 XXX,
1229 565 1281 624 ll.

210 643 274 710 Nec
295 655 402 726 umen,
422 648 449 712 oi
469 649 574 712 similia
591 667 651 714 rux
671 650 719 713 bic
742 650 812 714 oliuu
832 649 933 726 luerit,
953 647 1044 711 lauile
1065 645 1131 710 beri
1149 647 1285 728 potuiaac

210 729 333 809 munau,
355 743 388 798 ut
408 735 583 798 aberrantes
604 734 643 798 ad
666 737 831 818 proximum
853 736 1052 799 hexametrum
1071 732 1189 796 librarii
1212 749 1285 796 no-

211 829 387 884 nuncuta
405 819 475 884 iude
495 829 674 903 repeterent.
717 821 803 886 Unde
823 821 961 904 auspicor
981 819 1139 899 legentium
1160 835 1242 882 ecee:

349 921 510 976 Hannibalia
526 923 616 990 rpolto
632 929 658 974 et
674 927 861 976 monimina
877 923 972 976 olctn
989 921 1127 989 Syphacis.

137 1029 141 1036 ·
213 1005 332 1086 ssuutu
354 1007 430 1071 eninr
453 1018 600 1072 momento
622 1006 661 1072 ιι1
686 1009 797 1072 bellum
821 1008 962 1073 Punicum
985 1005 1145 1071 accumbam
1166 1021 1290 1088 corapo-

213 1093 340 1158 nendum
368 1103 456 1176 oapta
481 1093 671 1158 Numidarum
699 1106 801 1160 cantro
819 1095 948 1171 luerint,
977 1104 1175 1176 quantamque
1195 1091 1307 1174 prae·'

215 1177 284 1242 riam
304 1179 374 1243 iudo
394 1179 497 1262 Scipio
518 1183 726 1262 reportaverit,
748 1181 850 1245 Liriue
872 1179 960 1244 docet
972 1179 1069 1254 XXX,
1092 1183 1193 1260 baqq·
1217 1175 1288 1240 cult

214 1261 311 1344 XXX,
326 1271 376 1332 16.
396 1265 502 1348 Polpb.
515 1267 596 1344 xlv,
609 1269 631 1330 4
643 1285 708 1349 aqq.
730 1265 796 1343 XV,
813 1272 884 1348 laq.
911 1265 967 1330 Sil.
978 1265 1045 1328 ltal.
1065 1263 1157 1340 XVll,
1170 1265 1289 1344 88cqq.

317 1369 345 1417 r.
366 1355 419 1416 62.
448 1355 494 1416 11
523 1351 666 1416 Decius
691 1353 818 1418 mireo.
862 1351 914 1416 Sic
941 1352 1013 1416 libri
1041 1369 1109 1414 mae.
1138 1349 1177 1412 ab
1198 1367 1292 1426 uuum

217 1451 330 1502 cuneo.
372 1436 528 1518 Scaliger:
561 1437 741 1502 Admisso
770 1437 922 1502 Deciuc.
968 1436 1030 1501 Sed
1065 1445 1147 1500 reete
1175 1435 1290 1498 babere

217 1521 376 1588 mittere
405 1541 551 1605 equom,
579 1533 613 1587 ut
633 1543 661 1590 r.
684 1529 736 1588 1111.
767 1526 924 1589 mittere
945 1539 1079 1598 currum,
1107 1523 1165 1584 iam
1187 1521 1291 1584 lleine.

172 1639 174 1646 ι
206 1605 299 1692 ,11111
328 1624 358 1691 p.
382 1613 454 1674 126.
483 1610 618 1692 plurimia
645 1609 788 1692 exemplis
813 1609 961 1692 probarit.
1011 1607 1103 1673 Recte
1130 1618 1292 1690 praeterea

217 1693 281 1770 At,
301 1712 357 1779 pro
378 1713 438 1776 quo
459 1697 513 1760 ulo
532 1694 653 1760 cauum.
675 1697 778 1760 maluit
785 1719 795 1774 ς
824 1695 935 1779 opponi
953 1695 1030 1759 euim
1049 1694 1152 1760 Gurtio
1169 1693 1293 1758 Decium

216 1775 318 1846 Iacob.
339 1799 411 1846 rere
431 1783 580 1845 obaerrat.

320 1884 350 1931 r.
378 1871 430 1934 64.
462 1867 539 1932 liat.
574 1865 710 1948 Egregia
736 1865 808 1930 libri
835 1867 978 1932 Pucoiani
1010 1865 1173 1948 scriptura,
1204 1881 1294 1946 quara

173 2003 186 2024 ,
219 1945 354 2098 ¹Bromii.
369 1953 492 2034 iugenio
514 1951 591 2018 duce
609 1953 668 2017 iam
687 1951 803 2035 pridem
823 1953 988 2031 inuenerat,
1008 1953 1136 2015 omnium
1148 1967 1295 2014 uoneencu

233 2053 286 2100 ure
305 2055 374 2101 rene
398 2049 437 2102 tu.

323 2143 351 2188 r.
363 2058 424 2189 gb.
448 2121 721 2188 condiderunt.
739 2123 869 2188 Liriueii
888 2123 1070 2199 coniectura,
1093 2141 1180 2205 quam
1199 2123 1295 2186 miror

220 2201 334 2272 Iacobo
353 2227 412 2272 nou
433 2211 506 2273 aatia
525 2211 659 2292 probari.
709 2209 877 2291 Oppouitor
899 2211 975 2273 euim
995 2211 1187 2291 praeteritum
1205 2226 1296 2292 prae-

222 2294 300 2354 acuti
322 2294 526 2380 (cervant),
552 2305 585 2360 ut
606 2295 899 2379 plusquamperfecto
917 2296 1000 2358 locus
1024 2313 1089 2358 ecoe
1112 2313 1169 2358 uun
1189 2297 1295 2376 puscit

221 2377 500 2461 Frequentiusiuuam
521 2398 594 2447 nero
616 2392 645 2446 et
660 2399 756 2464 paene
774 2391 948 2464 perpetuam
970 2381 1159 2444 librariorum
1178 2382 1301 2444 inscitia

224 2465 426 2531 monterionem
442 2487 505 2532 eam
527 2487 603 2544 esre,
624 2466 790 2547 ubicunque
805 2472 835 2534 3.
858 2485 938 2549 pera.
960 2467 1003 2550 pl.
1024 2468 1101 2550 peri.
1121 2467 1202 2530 breui
1225 2485 1301 2550 peu·

224 2549 329 2702 {linuit
355 2555 482 2636 legitur,
509 2554 640 2620 sonuit.
668 2553 757 2618 ducet
783 2553 912 2618 edllor.
933 2551 990 2634 Ep.
1014 2555 1037 2629 1,
1059 2557 1139 2628 1,1.
1182 2552 1231 2618 Gi.
1257 2551 1299 2617 ab

264 2682 274 2702 .
326 2640 348 2717 1,
370 2644 420 2719 21,
443 2645 493 2704 26.

327 2742 355 2790 ι.
378 2729 429 2791 66.
452 2727 627 2809 Bospore
647 2733 766 2806 capto
786 2741 843 2807 pro
865 2733 979 2808 capte
1001 2723 1304 2802 (Lachmconieotu-

227 2810 289 2886 ra),
320 2812 370 2875 rel
392 2831 448 2896 pro
469 2831 505 2877 eo
529 2809 609 2894 quod
632 2809 719 2874 nibili
741 2820 785 2873 eat
812 2811 990 2892 Boupora
1010 2819 1123 2892 cepta
1143 2809 1301 2887 (Italorum

227 2897 410 2978 quorundam
431 2900 565 2972 inventu)
588 2898 716 2960 lacobus
737 2895 809 2962 coll.
831 2896 865 2960 G.
887 2893 1063 2960 Sobueider.
1084 2895 1211 2960 Granum.
1232 2895 1301 2958 Lat.

228 2981 268 3060 11,
292 2988 320 3046 1.
343 3003 373 3067 p.
395 2989 448 3050 46.
470 2985 610 3050 restituit.

330 3089 358 3134 ι.
382 3075 433 3135 71.
455 3081 549 3135 toto.
580 3067 711 3133 Froterii
733 3065 811 3129 cori.
832 3074 917 3131 tutu
937 3083 996 3129 uon
1017 3074 1100 3129 caret
1117 3065 1208 3130 laude
1230 3085 1304 3140 aua3

227 3171 284 3218 trec
313 3156 432 3220 uultum
461 3159 566 3220 aberat
589 3156 658 3236 quin
684 3155 864 3233 reciperem,
891 3153 948 3214 uici
973 3162 1089 3215 totum
1111 3143 1304 3236 ἐμφατικῶς

229 3257 321 3322 caepe
339 3246 410 3324 paui
433 3261 453 3305 a
473 3243 631 3324 Propertio
654 3249 837 3320 compertum
857 3237 1008 3302 haberem.
1053 3238 1099 3302 Gi.
1121 3237 1169 3304 El.
1189 3238 1213 3319 1,
1228 3242 1259 3316 1,
1272 3242 1304 3303 6.

189 3361 199 3372 .
229 3327 268 3408 11,
291 3331 342 3408 ut,
365 3327 441 3408 ut,
464 3331 514 3409 111,
537 3328 637 3410 tut,
662 3329 712 3402 11,
735 3329 788 3390 21.
1041 3327 1046 3338 “

589 3513 799 3604 Elegia
838 3513 946 3586 ΧΠ.

233 3739 255 3803 ⁸
332 3654 378 3720 De
400 3665 542 3739 tempore,
564 3672 624 3740 quo
646 3655 721 3720 bauo
743 3653 842 3737 elegia
864 3655 977 3736 aoriptu
995 3651 1044 3730 eit,
1061 3649 1121 3718 ricl.
1144 3651 1182 3731 Q.
1202 3651 1237 3716 Ρ.
1253 3651 1305 3730 111,

257 3755 315 3822 .p.
336 3746 457 3808 1161.

335 3844 363 3892 r.
387 3762 605 3911 uqapoltuti
627 3826 761 3908 gloria
781 3825 931 3890 Partbi.
954 3825 999 3888 De
1020 3845 1077 3887 uau
1096 3823 1306 3906 partioperi„

236 3927 321 3992 quem
341 3916 468 3996 pessime
490 3915 651 3995 ignorabat
670 3913 812 3987 Nubbiuo,
834 3911 872 3974 ui.
894 3913 930 3990 Q.
946 3910 981 3973 P.
1002 3911 1041 3984 11.
1052 3917 1083 3974 6.
1103 3913 1131 3996 ς.
1147 3914 1307 3992 611111.

235 3997 290 4072 111,
313 4002 344 4059 6.
366 4019 395 4081 p.
419 4007 490 4066 226.
515 4018 617 4064 comm.
638 3997 675 4062 ab
691 3999 738 4062 El.
752 3999 791 4073 11,
808 4002 836 4072 7,
851 4001 882 4060 6.
925 3995 999 4059 Numi
1019 3998 1155 4077 exempla
1174 3997 1216 4060 ibi
1235 4013 1309 4059 con·

237 4094 324 4161 gesta
344 4087 427 4148 uuila
454 4105 488 4150 re
510 4087 548 4149 ab
571 4088 627 4149 boc
647 4085 772 4161 distent,
799 4084 857 4148 nini
877 4082 974 4162 quod,
1004 4083 1029 4143 oi
1058 4083 1184 4146 solveris
1204 4083 1309 4157 rerba,

236 4169 396 4235 imbuitione
409 4166 536 4254 perlecti
557 4173 622 4235 illio
635 4173 700 4234 reri
719 4169 933 4252 praeteriti
950 4167 1194 4247 significationem
1207 4169 1309 4242 babet,

236 4255 286 4320 bic
311 4259 462 4324 curiati.
512 4261 579 4340 Quo
609 4257 647 4322 tle
673 4275 728 4320 ocu
749 4253 788 4318 cl.
810 4253 844 4320 G.
865 4253 1043 4336 Heusinger.
1065 4255 1163 4338 praet.
1183 4253 1224 4319 ad
1245 4251 1310 4320 uua
