2870 4922
229 250 278 390 16
546 300 807 372 Commentarius
829 259 863 368 iu
884 301 981 391 Prop.

227 479 304 547 lien
324 493 389 544 oum
401 471 569 560 producere
589 475 628 552 sit
648 473 834 556 „longiorem
849 470 977 540 reddere
992 477 1128 540 umren‘·
1149 456 1201 544 sut
1217 491 1304 548 oerra
1432 463 1433 502 r

226 585 353 647 „neum
373 561 502 626 noctis
522 559 675 642 uigilando
704 560 950 637 extend-ere,“
977 562 1199 644 perducere
1225 587 1301 634 uero

225 649 287 732 ,ad
308 649 393 715 inem
406 664 509 729 usqne,
526 648 547 712 i.
569 666 597 711 e.
619 645 782 711 admone
800 647 960 728 uigilare?
980 649 1039 725 hio,
1068 649 1140 732 quid
1162 656 1302 721 seriben-

227 738 297 802 dum
318 739 372 812 eit,
403 733 596 820 etiamsinon
618 740 700 798 tanto
722 750 868 797 consensu
889 731 1009 807 codices
1028 747 1206 818 poscerent,·
1230 761 1302 807 ex.

227 832 318 890 scta
338 816 527 895 sidereis.
540 817 609 895 38.)
627 818 757 904 dubitari
774 829 884 884 retunt.
939 817 1076 885 Ceterum
1097 823 1189 888 rerba
1209 846 1300 910 pro-

227 909 372 974 ducere
404 915 434 969 et
459 903 680 987 perducere
701 901 861 987 pessimis
883 901 970 969 codd.
999 907 1124 974 contusa
1153 915 1300 998 exemplis

225 994 361 1080 plurimis
388 990 489 1057 docuit
517 990 744 1055 Drakenborch.
770 989 810 1054 ed
830 989 904 1056 'inlu
931 989 1096 1072 XXXVIII,
1117 997 1170 1074 bl),
1193 1003 1224 1066 l.
1254 999 1300 1066 ud

225 1080 285 1150 eit
304 1079 373 1145 ltel.
391 1076 456 1158 XV,
478 1079 552 1141 229.
572 1077 714 1159 Docriup.
734 1075 775 1141 ad
792 1073 858 1141 Get
878 1075 958 1154 (llX,
979 1079 1010 1143 b.

325 1182 355 1232 r.
378 1167 432 1230 23.
459 1163 606 1228 leritor
626 1163 741 1245 quari
772 1164 857 1243 „crit
883 1162 1029 1226 submissa
1057 1173 1089 1229 et
1111 1168 1198 1249 poesi
1223 1187 1299 1252 snp-

224 1267 333 1337 presss
356 1267 431 1317 rooe
449 1250 623 1334 increpare3
653 1247 691 1313 do
719 1265 778 1331 quo
798 1247 867 1316 ride
894 1257 981 1312 notas
1002 1248 1043 1312 ad
1065 1252 1298 1341 0utt.ep,111‚
1432 1259 1433 1292 ι

224 1339 298 1404 66.“
338 1337 390 1402 Sic
406 1336 606 1411 normannum
634 1345 725 1412 recte,
747 1342 778 1399 ct
798 1335 934 1400 conuenit
954 1335 981 1398 is
1002 1347 1121 1416 questus
1142 1341 1298 1408 solitudini

225 1433 257 1490 ct
276 1424 367 1488 nocti.
409 1420 513 1502 Neque
533 1421 628 1502 Igitur
639 1437 747 1485 caussa
768 1429 844 1497 erut,
863 1437 956 1503 quere
971 1423 1074 1502 optimi
1085 1425 1229 1511 'uniusque
1243 1446 1299 1492 co-

225 1508 301 1574 dicis
322 1508 498 1572 auctoritate
519 1515 620 1589 spreta
639 1508 818 1588 grauiter
844 1507 883 1572 ab
912 1508 1047 1572 omuibus
1067 1527 1162 1594 nsque
1187 1514 1226 1580 ad
1243 1515 1297 1580 lo-

225 1595 332 1662 oobnut
349 1593 514 1660 editoribus
535 1595 724 1658 retineretur.

326 1697 355 1747 ι.
377 1683 430 1745 45.
453 1695 546 1762 sopor
564 1679 719 1760 Impulit
740 1678 808 1741 alls.
855 1677 946 1742 Felso
967 1677 1153 1746 Burmannus
1172 1684 1210 1749 ci.
1230 1685 1295 1747 in·

224 1767 318 1834 duit.
361 1766 470 1831 Subest
494 1765 571 1828 enim
598 1764 827 1829 Gellimcchentu
848 1764 886 1828 ll.
912 1765 979 1829 Del.
998 1769 1086 1832 ¹234:
1115 1766 1288 1851 (Θαυμαν-

223 1845 307 1931 ςίδι)
335 1846 522 1937 Iudaica
554 1843 625 1914 tut
654 1844 808 1938 πτερὸν
838 1842 973 1924 ὕπνος
1000 1845 1165 1937 dpaidec.
1218 1857 1294 1922 Alos

224 1949 322 2005 autem
343 1937 381 2002 de
403 1937 543 2001 amictu
564 1937 649 2013 (Tib.
669 1937 721 2017 lli,
741 1941 773 2014 tl,
793 1933 862 2020 55.)
882 1936 1014 2020 intelligi
1035 1957 1094 2003 non
1113 1958 1215 2026 posse,
1235 1941 1293 2006 do-

224 2035 274 2092 oct
293 2024 422 2106 liepnins
444 2020 484 2088 uo
504 2021 573 2087 Tib.
596 2021 616 2086 I.
638 2022 659 2088 l.

325 2129 352 2175 ι.
381 2111 435 2175 46.
469 2108 546 2172 llla
571 2106 594 2170 l.
621 2107 802 2172 lucrinis
838 2099 975 2172 ultinss
1009 2125 1104 2175 cnre
1138 2113 1294 2176 mels-

225 2203 325 2262 meta
344 2195 483 2258 Heinsius
501 2193 578 2258 euni.
596 2193 755 2276 plaudente
775 2194 839 2272 Bm,
869 2203 975 2259 creta
995 2195 1144 2277 Scaliger.
1194 2197 1294 2264 Ille·

224 2292 315 2350 uota
335 2282 468 2363 Lannep.
489 2279 527 2344 ad
549 2279 667 2344 tiolntb.
689 2281 729 2358 ll,
751 2285 802 2345 ll.
845 2281 884 2346 Ut
900 2298 1000 2344 curem
1018 2289 1166 2360 tueantur,
1188 2285 1292 2352 Burm.
1432 2327 1433 2366 ι

223 2377 255 2434 et
274 2367 512 2432 llcnsterlrnsins
532 2365 572 2430 ud
590 2365 770 2432 medicorum
789 2365 868 2430 filios
887 2369 1060 2449 provocant.
1109 2369 1294 2436 diudicium
1432 2391 1433 2434 ι

223 2454 300 2519 enlm
320 2471 420 2517 curam
444 2455 687 2536 interpretentur.
729 2452 836 2528 Fels03
864 2471 929 2515 nam
951 2455 1096 2533 omnibus,
1122 2475 1196 2538 quus
1216 2457 1291 2524 oile-
1432 2457 1433 2496 ἒ

223 2549 301 2616 runt,
321 2540 397 2604 lucie
416 2541 572 2603 curatio
595 2547 648 2614 cst,
669 2555 728 2602 non
751 2539 949 2616 medicine,
969 2541 989 2603 i.
1013 2559 1039 2605 e.
1058 2559 1119 2619 res,
1139 2559 1217 2624 queo
1237 2561 1292 2606 cn-

222 2629 336 2692 rationt
365 2625 539 2702 adhibetur,
561 2624 659 2707 qualis
688 2625 746 2688 hoc
773 2624 843 2688 loco
861 2634 941 2691 esset
970 2643 1133 2690 somnus.
1184 2631 1292 2694 Manet
1432 2621 1433 2694 ζ

220 2713 316 2792 igitur
335 2711 367 2776 iu
386 2711 443 2776 illu
460 2729 535 2777 uoce
556 2711 734 2792 significatio
750 2709 932 2788 curandi,
959 2711 1040 2793 quod
1060 2713 1238 2777 medicorum
1259 2722 1291 2780 ct
1353 2757 1357 2761 -

220 2797 370 2864 bominum
395 2805 454 2876 eet,
481 2814 541 2861 non
565 2814 681 2873 rerum,
729 2797 823 2862 Plane
851 2799 1031 2862 commacinum
1064 2797 1228 2868 medicinae
1255 2801 1290 2862 in
1432 2805 1433 2858 ι

220 2894 312 2968 poete
330 2885 476 2948 emeterio
499 2892 529 2947 et
546 2883 705 2967 Propertio
723 2899 841 2947 curae
860 2884 1008 2947 notionem
1028 2902 1094 2948 esse
1109 2883 1215 2950 docent
1234 2885 1289 2964 lll,

220 2975 274 3137 ἑὲ
293 2973 606 3124 ilqzzcurarnnque
628 2977 679 3037 tuo
708 2969 850 3052 (Bacchi)
876 2969 910 3036 rit
933 2969 1125 3036 medicine
1146 2971 1289 3052 mero31,

332 3215 337 3226 .
371 3177 407 3231 Et
423 3193 532 3244 porrum
549 3175 660 3229 ubertus
676 3190 778 3229 corus
794 3189 921 3228 scucos
936 3175 1057 3244 nceulls,

406 3243 464 3296 Nec
480 3245 543 3298 leuia
559 3249 588 3297 ta
605 3241 692 3298 uerbis
709 3251 748 3296 eet
765 3241 941 3296 mactatae
957 3245 1030 3299 rums.

216 3348 309 3418 lildes
330 3359 441 3416 tentum
463 3350 571 3413 abesse
590 3356 623 3411 ut
645 3365 738 3412 cura
756 3343 946 3410 medicina
967 3347 1015 3423 sit,
1047 3354 1080 3412 nt
1100 3347 1288 3412 morbosita-

216 3437 333 3514 beatur,
355 3437 407 3517 qni
427 3435 635 3498 medicinis
655 3442 734 3514 eget.
764 3431 935 3498 Remedium
952 3434 1143 3513 lgitnrcurce
1155 3449 1288 3498 somnum

216 3521 318 3587 dinere
346 3520 475 3586 debebat
500 3521 674 3602 PropertIus
709 3519 768 3598 (uic
797 3517 970 3585 domitor
999 3536 1176 3586 curarum
1204 3519 1289 3585 audit

215 3607 324 3674 Senec.
339 3610 445 3689 egam.
459 3605 528 3689 76.)
551 3608 577 3670 ei
596 3604 706 3670 Latine
725 3605 810 3688 loqui
828 3603 928 3683 uellet,
948 3622 1008 3668 non
1028 3623 1140 3671 curum.
1191 3604 1288 3670 litta-

213 3686 397 3759 nanuum.
423 3695 466 3759 ita
486 3695 535 3758 lric
558 3694 700 3769 caecutit,
728 3702 761 3756 nt
781 3691 820 3756 ad
840 3691 1013 3756 firmandam
1033 3709 1118 3756 suern
1138 3693 1297 3774 iuterpre,
1432 3677 1433 3736 ἕ

213 3781 371 3858 utronea,
390 3779 514 3845 alterum
536 3777 628 3862 Prop.
649 3767 747 3843 locun
768 3777 807 3856 (l,
830 3781 880 3856 10,
903 3781 969 3859 17.)
997 3779 1064 3863 ipsc
1084 3769 1229 3859 attulerit,
1256 3782 1288 3842 et

148 3949 153 3959 Ι
212 3867 295 3952 pnod
314 3863 409 3950 mugio
430 3867 558 3944 mireris,
579 3865 668 3930 etiem
687 3861 727 3942 11,
750 3863 802 3942 25,
824 3863 871 3929 1.:

369 3986 452 4040 usuc
467 3990 536 4040 cutm
551 4000 621 4039 meu
635 3981 814 4054 polclocuimu
830 3997 916 4038 coco
932 3983 1054 4038 doloii
1069 4005 1115 4038 -·.
1169 4032 1170 4040 ,

208 4089 270 4172 Qui
287 4107 393 4159 rerem
413 4107 514 4154 reram
535 4087 751 4174 interpretandi
763 4087 948 4170 riundigito
970 4083 1189 4171 quodammodo
1202 4099 1288 4150 mom·

209 4185 295 4244 ruat.
338 4179 379 4243 Ut
399 4178 477 4241 enin
495 4175 560 4240 illio
581 4194 659 4240 meu
682 4173 815 4240 dolori
832 4174 911 4240 iden
933 4182 988 4251 est,
1010 4173 1201 4257 quodmilri
1224 4169 1287 4234 do·

206 4261 312 4330 lenti
344 4264 493 4344 (Quacuc
512 4263 552 4342 11,
572 4267 604 4330 6.
632 4270 706 4330 rect·
725 4262 763 4330 11.
785 4261 814 4348 6.
838 4264 888 4328 26.
907 4279 937 4344 p.
957 4265 1031 4328 149.
1060 4270 1138 4326 extr.
1158 4277 1188 4342 p.
1212 4259 1286 4324 161.
