2762 4902
456 376 559 474 meg.
575 380 638 468 tv,
656 385 691 454 r.
891 356 894 376 ¹
1051 383 1130 467 475

54 559 134 626 Ecce
165 563 311 624 coronato
337 573 411 644 pars
425 557 564 624 altera
588 569 674 624 recta
693 559 818 644 phaselo
841 566 910 638 cao,
958 557 1004 623 De
1031 548 1131 622 door-
1252 631 1256 642 .

57 643 142 730 ὀέτῳ
162 648 240 709 enim
258 646 297 709 ci.
319 645 355 724 Q.
375 645 410 710 Ρ.
432 645 469 720 ll,
491 651 522 710 6.
544 664 573 729 p.
598 652 671 712 126.
720 647 776 712 liic
794 663 866 711 roro
888 663 948 709 nou
970 645 1057 708 modo
1080 663 1132 709 ex·

57 733 239 796 cusationem
270 749 307 796 ea
326 733 425 812 ligura
444 733 551 809 habet,
578 733 631 796 sed
653 733 740 796 etiam
762 732 891 797 laudent.
940 732 1016 796 Nam
1038 732 1133 794 omnis

54 837 159 883 nemus
179 828 267 884 tenor
284 819 316 882 iu
338 819 526 882 nouissimum
544 819 620 881 illud
642 835 747 880 noman
768 818 847 883 ultro
868 819 1019 894 incumbit,
1048 828 1081 881 ut
1102 825 1134 882 sl

57 905 198 968 Cressa
229 905 261 966 in
288 905 347 968 ine
375 921 480 968 uersus
508 913 537 967 et
566 904 884 985 Clytaemnestra
910 904 940 965 in
968 903 1134 967 fortissima

57 991 330 1074 πενθημιμεροῦς
348 991 541 1072 percussione
554 993 684 1074 positum
704 979 879 1053 derodendo
893 990 968 1071 illud
982 1009 1046 1052 oum
1066 1007 1133 1052 car-

56 1077 139 1138 mine·
156 1081 329 1156 insequente
358 1078 481 1139 auribus
497 1077 663 1158 legantium
694 1077 760 1157 ipsc
789 1078 890 1140 sonitu
917 1075 1132 1156 quodammodo

55 1163 211 1225 insinuare
231 1162 377 1226 rideatur.
422 1161 510 1239 Quod
532 1166 559 1226 si
576 1165 697 1246 penitus
715 1163 825 1226 sentire
846 1163 900 1236 ris,
928 1174 998 1244 post
1024 1161 1134 1225 Gras-

57 1267 126 1312 sae
164 1247 260 1329 (quod
293 1249 377 1311 lacili
409 1257 506 1322 umen
538 1253 709 1312 coniectura
743 1248 809 1312 lieri
836 1248 944 1322 liceat)
981 1257 1016 1310 ct
1040 1247 1133 1310 addc:

57 1335 153 1396 curnis
185 1334 273 1416 lepor
300 1351 458 1416 omnesque
478 1338 595 1415 gratiae
615 1337 766 1418 peribunt.
814 1335 904 1400 Vides
928 1334 1033 1414 igitur,
1062 1331 1134 1414 quid

57 1420 176 1484 Keilius
196 1422 312 1502 sapiat,
339 1422 391 1502 qui
415 1424 459 1502 (p.
483 1425 549 1498 36.)
572 1433 704 1484 nostram
734 1420 967 1484 emendationem
986 1429 1135 1500 tanqua!

56 1505 323 1570 luculentissimum
351 1507 515 1588 exemplum
544 1509 693 1590 proponit,
722 1525 792 1588 spuo,
818 1506 890 1589 qnid
912 1509 943 1568 in
973 1505 1136 1569 omittenda

56 1593 169 1675 copula
195 1594 295 1656 lcrri
323 1609 395 1655 non
423 1594 562 1674 possit,
592 1593 788 1673 intelligatur.
838 1593 906 1674 Ipse
935 1591 1007 1674 quid
1029 1593 1136 1672 possit,

56 1697 114 1740 sua
136 1681 310 1742 coniectura
332 1681 455 1761 probat:
485 1679 576 1755 „Uns'
594 1680 828 1760 Clytaemnestra
854 1687 986 1760 stuprum
1014 1679 1136 1741 inuenta

56 1775 88 1827 et
106 1764 176 1826 lara
196 1765 350 1828 Cressae.“
393 1764 525 1828 Difficile
547 1765 627 1828 dictu
650 1775 703 1840 cst,
724 1783 877 1828 rersnmne
899 1766 994 1842 magis
1015 1783 1053 1828 au
1068 1783 1136 1826 sen·

55 1851 183 1913 tentiam
209 1850 374 1912 admireris.
439 1851 524 1930 Ergo
547 1852 709 1914 machinam
730 1852 818 1913 istam
839 1851 1004 1931 Pasiphaes
1031 1849 1136 1913 libidi-

55 1953 127 1998 num
157 1937 279 2014 oymltae
305 1935 463 2000 Charontis
480 1937 596 2001 Keilins
622 1935 762 2001 obtrudit.
784 1969 827 1984 -
871 1935 1019 2012 Ceterum,
1047 1953 1136 2017 ιιιιιιι

56 2020 152 2083 facile
173 2020 276 2084 unda
298 2031 326 2086 ct
347 2041 420 2084 una
440 2023 472 2085 in
492 2023 580 2086 lilnris
603 2041 671 2086 mss.
690 2022 916 2098 confundantur,
936 2022 1005 2086 coll.
1020 2021 1068 2085 El.
1082 2021 1135 2099 lv,

57 2111 91 2180 6,
107 2108 159 2170 28.
175 2117 309 2189 apparet.
353 2107 409 2170 Hic
432 2125 504 2171 uero
524 2119 607 2172 tanto
622 2110 746 2192 pronior
769 2120 835 2172 erat
854 2108 967 2190 lapsus,
988 2108 1069 2190 quod
1086 2126 1141 2172 sa·¹

58 2209 155 2274 quens
178 2194 307 2256 altera
327 2193 418 2256 ueluti
439 2194 518 2257 ultro
539 2198 598 2259 sihi
619 2195 737 2279 peperit
759 2195 844 2258 illud*
857 2213 940 2257 una.

161 2297 190 2343 ι.
220 2283 272 2344 61.
302 2297 456 2362 quoqne
487 2299 580 2345 aera
608 2279 777 2345 rotunda
805 2280 984 2360 Cybeles.
1037 2277 1136 2360 tigro-

54 2363 138 2442 giam
158 2357 237 2428 lanc
256 2373 285 2428 et
305 2381 376 2428 rere
398 2366 559 2448 palmarem
582 2370 780 2432 coniecturam
801 2367 951 2446 Scaligcri
973 2382 1049 2442 esse,
1075 2367 1137 2448 ipsi

56 2450 176 2514 credidi
211 2450 360 2530 (Gastigg.
388 2471 418 2532 p.
449 2456 556 2532 utu),
599 2463 772 2536 occupatam
806 2470 826 2515 a
860 2451 1000 2515 Turnabo
1025 2452 1135 2529 (ndns.

55 2533 169 2610 XXlll,
192 2537 239 2613 7.)
260 2548 366 2620 postea
384 2538 532 2603 intellexi.
574 2539 650 2602 ilinc
672 2541 793 2618 corrige
815 2537 963 2615 Q.t².·111,
975 2542 1004 2602 u.
1018 2557 1049 2620 p.
1062 2541 1135 2604 252.

58 2619 227 2702 Gylteles
247 2621 433 2684 scribendum
456 2641 531 2699 esse,
555 2623 593 2687 ad
613 2625 660 2687 El.
683 2625 736 2700 ΙΙΙ,
760 2627 811 2698 22,
833 2627 864 2686 3.
887 2623 1050 2688 docuimus.

161 2727 191 2774 r.
216 2711 270 2774 63.
286 2712 338 2771 ou.
360 2709 472 2774 Versus
494 2709 577 2772 raris
598 2711 707 2774 renati.
750 2710 869 2772 Heius:
892 2708 975 2772 sine
991 2705 1136 2786 ‚tranis

55 2794 216 2872 marita,
245 2793 370 2858 deiude:
399 2794 564 2858 loedere
585 2806 686 2860 nota.
730 2795 870 2874 Scaliger
896 2812 933 2858 ex
962 2813 1016 2858 sno
1038 2795 1136 2858 libros

55 2893 233 2960 corpora
253 2889 354 2944 notu.
395 2879 541 2945 Livinei:
556 2883 730 2964 pignora
751 2899 780 2946 ιι.
803 2897 901 2946 suae.
943 2880 1033 2963 ilulp.
1054 2881 1136 2944 curis

55 2967 216 3030 secundis:
242 2983 411 3046 corpora
439 2987 469 3031 n.
492 2985 569 3030 sua.
596 2966 789 3031 Markland:
821 2967 1016 3031 historias
1073 2983 1135 3032 .n.
1239 3000 1242 3006 ·

55 3065 168 3128 suas,
197 3050 362 3116 Kuinoelio
385 3053 546 3134 probante;
575 3062 606 3117 ot
633 3073 670 3118 ne
693 3052 780 3127 desit,
806 3051 886 3134 quod
905 3052 1014 3129 rideas,
1045 2985 1137 3132 ἕω]-

53 3132 143 3198 luius:
167 3137 370 3202 historiae
392 3141 552 3220 pectine
571 3139 656 3202 lata
677 3158 702 3204 s.
750 3137 812 3203 Sed
830 3139 949 3228 ‚optima
970 3139 1136 3203 Lachman-

53 3235 129 3283 nus:
154 3221 396 3299 „Andromedam
420 3233 450 3289 st
469 3225 728 3307 llypermnestram
755 3234 878 3308 pectora
898 3226 1042 3290 historiae
1062 3242 1137 3290 susc

55 3315 132 3368 nota
155 3309 300 3394 appellat.
343 3311 442 3375 Nota
463 3311 660 3376 historiae
683 3329 776 3375 suae
795 3329 937 3376 nonnaro
960 3309 1040 3393 apud
1062 3327 1146 3392 pos-.

54 3396 103 3452 tas
126 3392 274 3476 loquendi
293 3395 393 3461 modo.
442 3397 607 3461 Pectora
628 3415 737 3472 cara,
759 3397 1025 3473 iunctissima,
1054 3395 1137 3460 lor·

55 3475 211 3556 tissima
230 3483 373 3567 passion.“
412 3483 495 3547 llaec
515 3483 579 3547 illc.
621 3483 767 3567 Exempla
785 3487 844 3547 iam
857 3483 1043 3546 Burmannus
1066 3499 1137 3564 sup-
1230 3553 1234 3560 ¹

54 3561 264 3644 peditanorau
293 3569 358 3649 ipse
376 3576 484 3646 tamen,
512 3580 545 3634 ut
565 3569 632 3634 lere
652 3570 739 3645 solet,
768 3571 863 3653 copiis
891 3571 953 3631 auis
973 3585 1032 3631 non
1054 3585 1137 3631 usus.

55 3644 143 3709 Adde
166 3653 205 3728 Q.
228 3655 263 3718 Ρ.
283 3655 320 3730 lt,
340 3659 370 3719 6.
391 3673 417 3720 s.
440 3656 479 3719 ll.
501 3653 530 3738 p.
552 3659 603 3720 28.
626 3673 656 3737 p.
680 3659 753 3722 152.
817 3654 928 3718 llurius
958 3671 1050 3748 reno„
1076 3673 1138 3718 nom

55 3744 119 3792 nna
142 3733 182 3797 de
204 3755 307 3816 censa,
329 3740 409 3822 quod
427 3740 506 3805 idem
526 3741 646 3806 Lachm.
668 3743 725 3807 ait:
751 3741 934 3817 ‚maritae
962 3749 1137 3818 narrant,

56 3819 225 3886 maritas
248 3843 287 3889 ae
307 3829 501 3891 narrant.“
540 3829 585 3891 Ac
606 3845 644 3890 ue
665 3845 765 3892 rernm
788 3825 915 3908 quidem.
956 3827 1032 3892 Nam
1053 3825 1138 3892 aliud

55 3913 203 3968 narrasse
225 3927 287 3986 eas,
314 3911 400 3974 irnmo
429 3909 499 3996 quid
520 3915 717 3990 narraverint,
742 3932 846 3977 tersus
866 3914 1054 3994 insequentes
1080 3913 1138 3976 do·

56 3993 138 4048 cent.
182 3989 290 4076 Itaque
308 3997 375 4062 siue,
394 4015 464 4061 casu
483 4002 610 4081 positum
622 4001 744 4064 uerbum
765 4015 931 4062 narrare
952 4009 1034 4084 puta,
1056 3997 1137 4080 quod

55 4073 143 4133 tanto
167 4079 266 4142 minus
286 4083 417 4146 insolens
437 4081 582 4162 rideatur,
614 4088 685 4168 quia
706 4085 852 4150 sententia
872 4085 1008 4164 generali
1030 4085 1137 4166 ampli·

56 4150 149 4218 niceta
170 4171 201 4222 et
223 4165 255 4229 in
276 4179 377 4248 partes
408 4188 478 4232 scas
500 4171 606 4248 diuisa,
634 4172 759 4255 primum
781 4171 904 4235 uerbum
932 4187 1136 4251 synonymum

57 4244 253 4336 quaritur,
278 4252 386 4319 deindo
404 4255 500 4337 ipsum
520 4259 578 4324 lnoc
598 4267 737 4326 narrat
757 4259 911 4345 repetitor,
941 4259 1059 4323 oiniecto
1079 4273 1137 4322 suo

56 4333 169 4406 tmpus
190 4333 309 4405 addito.
765 4379 766 4384 ι
