2812 4918
291 359 370 444 m
614 356 877 430 Commentarius
895 361 930 428 iu
944 307 1050 448 drop.

266 529 267 534 ’
290 533 461 620 siisgories
481 531 627 617 pleneque
648 533 679 597 iu
700 533 958 617 superstitionibus
974 533 1025 604 wiis
1045 528 1166 616 magicis
1188 543 1274 599 sumt
1288 525 1328 610 (du

291 637 395 687 comm.
408 619 447 684 ad
461 618 509 682 Ei.
523 619 698 700 iiidie),
715 621 942 684 cornicibus
963 623 1144 702 potissimum
1156 621 1252 684 oculos
1262 624 1328 696 cruit

236 757 240 772 ,
291 710 364 792 quis
384 709 431 771 ltin
452 707 557 769 arlinus
578 707 658 770 uisus
680 713 726 770 est
751 709 922 771 acerrimus.
964 707 1113 770 Hactenus
1135 707 1224 787 igitur
1242 716 1328 768 trouu

290 793 483 880 prouerbium
500 789 576 854 iliud
595 793 653 856 ino
671 793 817 874 pertinet:
844 791 964 856 Goruici
985 795 1090 859 ceruix
1112 793 1213 856 oeulos
1234 793 1330 870 euripi

291 897 415 1032 {miquo
430 877 1330 1048 3111&pgonatgefflascrgabttutsixsslelcepbtuoffiegssrztgffi

290 1070 376 1118 ruem
400 1053 450 1115 11.
466 1067 524 1130 pro
544 1049 645 1114 suco.
666 1055 717 1114 20.
745 1051 910 1114 Nemesion.
941 1012 1070 1132 Gpus’u.
1095 1053 1167 1115 lito.
1193 1050 1286 1113 Genuu.
1302 1047 1330 1111 si

290 1137 415 1218 Quintil.
436 1137 516 1214 vttt,
537 1139 575 1212 3,
596 1141 648 1200 22.
678 1153 762 1218 quem
782 1137 898 1213 loetum,
926 1139 997 1218 quis
1024 1154 1099 1199 nunc
1121 1138 1331 1220 corruptissimus

289 1225 421 1304 legitur,
451 1223 494 1286 sic
515 1221 596 1286 uelut
616 1225 647 1286 iu
676 1223 802 1286 transitu
822 1222 961 1288 emendo:
990 1223 1074 1286 Unde
1093 1222 1259 1285 imitatio
1277 1223 1329 1284 So·

290 1309 439 1376 cretici
460 1307 557 1372 dicti
579 1307 624 1372 ds
644 1326 755 1390 equo:
777 1308 903 1390 qualis
927 1317 964 1372 st
985 1306 1135 1391 iiieupnd
1153 1308 1197 1370 Μ.
1213 1307 1331 1372 tuition:

290 1396 412 1475 „Pusim
435 1394 486 1476 qui
508 1411 572 1458 cum
593 1396 707 1458 muiure
736 1409 843 1457 soture
861 1393 1024 1470 suuntur?
1051 1395 1105 1471 Et,
1133 1393 1208 1469 „Gm
1228 1393 1333 1466 Flauius,

289 1482 343 1566 qui
369 1481 519 1545 cornicum
549 1482 652 1544 oculus
680 1480 831 1544 conlinit.“
872 1481 946 1545 Num
974 1480 1045 1544 libri
1071 1479 1192 1564 optimi:
1220 1481 1331 1542 intimt

289 1567 410 1633 unstii
432 1565 500 1648 (uli.
522 1563 775 1642 'l'imocratiii
796 1565 915 1629 dictis
938 1565 981 1630 du
1003 1583 1075 1648 quo
1096 1565 1239 1648 qualis.
1276 1565 1332 1628 iiius

290 1652 422 1720 editores
445 1649 576 1716 absurde
596 1671 692 1736 paens
718 1651 913 1715 minxerunt:
948 1651 1050 1718 Unde
1070 1653 1226 1717 interim
1249 1649 1333 1732 grati

289 1739 434 1806 idiotis
455 1739 554 1802 ioci:
578 1739 709 1821 qualis
732 1747 791 1802 est
813 1737 896 1800 illes

391 1843 420 1890 r.
445 1827 496 1890 17.
519 1823 725 1888 Consuluit
744 1857 785 1870 —
806 1815 941 1887 nestro
964 1820 1009 1885 de
1029 1823 1227 1904 sunguine.
1263 1821 1334 1886 Recte

203 1939 215 1969 ι
287 1911 349 1976 ism
368 1911 457 1994 primi
477 1911 671 1994 interpretes:
696 1906 740 1972 de
762 1926 865 1973 uuus.
909 1907 1040 1973 iuuenci.
1060 1910 1117 1984 Vl,
1137 1913 1232 1975 ocu:
1259 1907 1334 1971 Gou-

291 1998 392 2062 suiit
412 1997 553 2072 ictericae
575 1997 681 2061 leuto
704 1995 742 2059 de
762 1995 901 2058 iuuere
921 1997 1076 2074 metris,
1105 1997 1185 2060 sinte
1204 2005 1292 2058 tameo
1307 1993 1335 2056 de

289 2091 331 2152 lc
350 2083 502 2164 Tanaquil
522 2093 582 2147 tua.

392 2187 422 2234 u.
446 2173 497 2234 19.
525 2173 576 2232 20.
607 2167 707 2232 Lucus
741 2167 825 2229 unrie
852 2181 907 2230 uec
934 2183 990 2248 pro
1083 2164 1198 2229 iuiurie
1224 2173 1334 2230 tsntstuu

287 2254 417 2320 Primum
436 2271 510 2318 uero
537 2253 738 2319 Euorubut
757 2263 839 2316 recte
862 2251 961 2315 iubet.
1042 2271 1118 2334 eque
1138 2254 1218 2318 euim
1239 2249 1335 2330 magieis

289 2339 356 2403 istis
379 2339 554 2421 praestigiis
576 2337 735 2421 quidquam
757 2339 959 2420 proiecturum
978 2337 1071 2401 inune
1090 2339 1190 2402 leuem
1203 2337 1335 2419 siquitem,

289 2427 349 2490 uisi
377 2427 582 2510 uerborum
610 2425 740 2488 inlluuiis
769 2434 799 2489 et
828 2423 974 2487 blundo
999 2423 1336 2506 persussioueueu·

287 2519 351 2577 tem
373 2513 487 2576 amicne
507 2511 539 2572 iu
558 2511 729 2594 obsequium
751 2510 795 2572 sui
825 2508 964 2572 duxisset.
1009 2501 1110 2592 0p'us
1132 2511 1229 2588 igitur
1254 2518 1281 2572 et
1298 2504 1336 2568 si·

288 2597 433 2662 lectum
463 2598 598 2678 alioquin
626 2597 781 2661 irritum
811 2597 943 2658 uerbis
973 2598 1160 2660 exoratur
1188 2593 1335 2678 aGyutiia

288 2683 365 2748 iiam
382 2683 504 2748 exorsri
517 2700 577 2746 uon
591 2681 679 2748 uredo
700 2699 878 2764 persons,
897 2693 929 2746 ut
951 2681 1085 2756 iaciat,
1103 2681 1161 2745 ned
1186 2701 1247 2746 res
1263 2682 1335 2750 edum

276 2780 322 2835 'tut
348 2771 600 2852 impetretur,
627 2769 733 2832 Latine
755 2767 874 2831 dicitur.
925 2769 1025 2848 Opus
1048 2777 1143 2832 autem
1172 2777 1296 2834 euentum
1317 2769 1336 2823 et

289 2855 474 2920 ciieotum
496 2871 639 2937 operae
663 2871 729 2918 essu
757 2863 881 2916 constet.
924 2851 1045 2916 Terent.
1067 2853 1173 2917 Heaut.
1194 2855 1219 2932 1,
1241 2859 1267 2928 l,
1287 2853 1335 2914 tt:

289 2945 349 3020 „tit
371 2939 452 3006 dices
475 2943 565 3006 enim:
586 2951 723 3024 quantum
744 2939 793 3004 iic
813 2938 944 3022 operis
966 2939 1017 3001 int
1030 2943 1182 3022 poenitet“
1196 2973 1236 2986 -·
1252 2931 1336 3016 „Quoi

289 3030 321 3091 iu
343 3045 464 3110 opere
485 3027 626 3091 isciundu
646 3043 790 3110 operae
811 3025 959 3089 consumit
981 3035 1059 3100 tuac,
1080 3027 1105 3088 si
1129 3044 1229 3089 sumas
1248 3027 1277 3088 iu
1293 3021 1337 3081 illit

274 3114 476 3207 ‘exercendis
496 3113 564 3195 plus
578 3116 683 3194 ugus.“
725 3113 794 3175 Alis
809 3111 944 3193 exemplu
959 3111 1095 3174 clericis
1113 3125 1245 3196 repetes.
1282 3109 1337 3172 iiiut

288 3200 351 3264 iam
373 3199 444 3282 quid
466 3198 622 3281 sequeutia
644 3195 829 3274 desiderent,
860 3197 970 3262 rectius
993 3199 1173 3262 unstimuhis.
1216 3197 1285 3286 ilum
1302 3189 1337 3271 qd

288 3284 520 3351 Exornabut
546 3285 690 3348 facillima
714 3297 790 3347 noue
819 3285 989 3348 coniectore
1012 3302 1077 3348 oum
1109 3283 1279 3367 quibusdam
1294 3279 1338 3342 ita·

287 3369 329 3436 tu
349 3371 526 3448 rescribunt,
550 3372 703 3450 egregium
725 3368 800 3434 illud
821 3370 919 3433 simile
939 3368 1084 3452 perdunt,
1111 3389 1171 3452 quo
1193 3363 1337 3433 biaudse

288 3473 429 3540 preces
452 3467 481 3521 et
501 3456 658 3520 uerborum
684 3456 887 3519 lenocinia
913 3457 1104 3539 incorruptus
1131 3455 1249 3540 puellae
1272 3447 1337 3534 pud*

288 3543 389 3606 citium
418 3543 613 3606 sollicitantia
639 3543 747 3605 sensim
777 3550 807 3604 st
833 3543 1035 3624 expugnantia
1061 3559 1127 3605 uun
1148 3541 1255 3605 molli
1273 3529 1336 3598 siuul

150 3631 155 3642 '
288 3635 322 3690 et
341 3627 480 3692 sedula
502 3646 624 3710 nquse
646 3637 755 3691 unturc
780 3636 1004 3708 cooperantur,
1031 3645 1108 3710 quse
1136 3630 1184 3692 rel
1206 3623 1336 3690 durissime

290 3729 366 3776 saxa
387 3713 509 3778 assiduo
532 3715 650 3778 tremite
672 3713 873 3794 (uiesuaosa)
893 3713 1009 3778 teudem
1029 3715 1140 3777 uttsnit.
1182 3715 1263 3778 ilum
1281 3706 1336 3770 suia

290 3801 464 3862 seutentiam
484 3801 618 3880 flagitari
640 3800 813 3877 consentiet,
834 3801 884 3881 qui
905 3799 988 3864 ilium
1008 3818 1106 3880 equae
1126 3799 1183 3864 uim
1201 3807 1335 3882 persua·

37 3965 38 3968 Ἴ
290 3880 408 3947 deudi
438 3887 591 3950 eiieuoius
625 3885 802 3950 simillimum
834 3887 865 3948 iu
900 3887 1089 3968 prouerbium
1120 3893 1218 3968 pusue
1248 3877 1335 3944 aliisue

37 4001 39 4080 l
290 3968 374 4118 :tlt
390 3981 515 4122 titt*
537 3973 826 4122 itltititil
839 3967 1334 4122 illidiittulit

37 4117 39 4184 l
290 4143 389 4222 spatio
419 4075 662 4208 cou'tdndsrs
691 4145 807 4208 sexu?
849 4141 1205 4218 occidamini.
1234 4067 1334 4228 itegnodt

290 4227 425 4306 puelia
444 4230 641 4313 persuasione
662 4231 801 4293 sensim
830 4226 1141 4312 corrumpenda:
1168 4225 1243 4306 Quid
1263 4229 1332 4310 aaut

292 4320 337 4376 est
364 4331 438 4380 nuxc
467 4315 590 4393 durum,
622 4315 694 4398 qnid
714 4315 833 4381 :ellim
859 4313 961 4382 nadal
1004 4315 1109 4382 Dura
1134 4325 1228 4381 muco
1246 4301 1332 4374 mutu
