2870 4922
542 289 766 384 Eleg.l,1d.
847 283 873 292 '⁵
1045 331 1047 338 ·
1138 292 1209 378 57,

127 465 227 532 hema
246 463 351 532 Recte·
370 463 494 532 Scr'licet
517 467 589 550 quia
617 484 703 532 nemo
724 485 813 536 sanus
857 465 930 550 quid
948 474 1043 543 esset,
1073 465 1195 550 praesi-

128 553 180 618 tit.
221 550 284 615 Sed
303 571 380 634 puae
402 555 441 617 sit
462 553 626 636 Tarpeiae
646 513 949 638 pudicitiaflnemini
977 552 1069 618 credo
1088 554 1196 616 ohscu·
1324 573 1326 581 ¹

128 655 192 702 ram
211 637 323 714 rideri,
345 641 396 721 spui
418 637 456 704 de
477 639 669 721 metonymice
688 639 788 721 ligura
812 639 862 703 rel
885 637 977 704 iandc
1004 649 1117 704 tantum
1139 656 1194 702 aa·

129 723 245 788 direrit.
287 723 380 789 Recte
405 727 499 807 igitur
518 727 577 790 iam
597 726 800 791 Passeratius:
820 726 1018 807 Tarpeiae
1039 725 1194 808 pudici·

129 811 221 876 tiam
247 807 407 892 Tarpeiam
431 810 570 893 pudieam
595 814 657 890 ait,
692 815 714 876 i.
735 830 763 876 o.
784 821 895 876 cutam
923 813 1090 892 Vestaeque
1111 810 1195 874 dica·

128 905 206 970 tam,
238 903 272 959 ut
295 907 400 961 conha
423 898 475 975 tv,
503 902 532 976 7,
561 900 632 964 hh:
662 897 993 979 Clytaemnestrae
1024 907 1195 979 stuprum

132 981 365 1062 Glytaenrnestra
380 981 517 1047 adultera
539 991 595 1048 est.
635 983 783 1067 Exempla
809 984 925 1064 figurae
950 983 1113 1064 Propertio
1140 979 1197 1046 ed·

130 1066 248 1131 modum
267 1067 424 1134 lamiliaris
451 1071 652 1150 congessimus
674 1071 807 1150 Quaestt.
833 1070 870 1146 ll,
891 1071 923 1134 6.
943 1087 975 1151 p.
999 1073 1071 1134 149.
1093 1065 1121 1151 p.
1142 1070 1196 1134 28.

132 1153 192 1217 lam
210 1171 282 1218 reru
302 1156 400 1220 altera
417 1159 552 1238 quaestio
572 1165 682 1236 restat,
705 1155 929 1240 qnamlacohas
950 1156 1198 1237 interpretatione

132 1257 187 1306 tua
206 1240 320 1304 euitare
336 1243 436 1324 potius
460 1261 547 1326 quam
573 1242 691 1306 soluere
712 1241 832 1307 studuit.
881 1242 938 1307 llic
959 1242 1036 1304 enim
1063 1241 1101 1305 de
1121 1241 1201 1304 Tar·

132 1325 201 1408 peis
232 1326 343 1408 pudica
374 1328 573 1408 quaerendum
606 1339 717 1410 negat,
749 1329 807 1393 hoc
832 1327 901 1393 icto
938 1327 1056 1391 aedium
1081 1327 1201 1392 nomina

134 1410 241 1475 aliud
261 1410 406 1494 pudicitia
426 1415 527 1479 nobile
547 1415 645 1478 latere
670 1424 770 1490 ratus,
793 1415 874 1480 uelut
893 1413 1085 1495 Pompeii,
1115 1413 1202 1477 uimi-

132 1515 198 1563 run
226 1499 297 1579 qnia
322 1517 395 1565 aera
419 1499 505 1565 domo
526 1499 692 1582 descripta,
714 1500 857 1581 Cynthiae
875 1517 981 1564 nomen
1000 1499 1108 1564 inritae
1128 1515 1200 1580 pro·

134 1583 249 1647 diturus
271 1585 363 1649 inerit
381 1597 481 1667 poeta.
523 1589 562 1652 At
573 1588 698 1668 primum
718 1587 835 1651 minime
850 1587 1034 1670 exploratura
1058 1594 1113 1662 est,
1131 1602 1201 1648 nam

134 1671 211 1734 haec
230 1669 330 1750 elegia
347 1671 385 1734 ad
399 1671 553 1754 cynthiam
573 1689 643 1739 rere
662 1673 825 1756 pertineat,
846 1691 886 1740 an
905 1672 945 1736 ad
967 1673 1200 1753 qualemcunque

134 1759 201 1820 eins
228 1759 369 1838 temporis
393 1761 579 1824 meretricem
604 1760 757 1822 famosam.
806 1757 923 1824 Deinde
946 1776 1063 1840 semper
1083 1757 1202 1822 dubita·

134 1842 235 1920 hine,
254 1859 307 1906 cur
325 1843 519 1928 Tarpeiae
539 1845 721 1928 potissimum
743 1846 860 1909 nomine
881 1843 972 1908 aedes
995 1862 1047 1908 eas
1064 1843 1201 1926 appella·
1328 1852 1340 1873 ·

12 1931 18 1950 ¹
136 1929 232 2004 serit,
248 1931 332 1992 cuius
353 1949 446 1994 unns
469 1949 579 1996 error
598 1932 730 1996 nobilior
751 1932 825 2009 init,
845 1949 933 2014 poam
950 1931 1126 1994 omnisrita
1146 1945 1202 1992 au·

62 2051 65 2056 ·
136 2022 255 2093 uach,
273 2019 405 2096 puanns
426 2029 509 2082 easta
525 2017 654 2080 iortasse
672 2017 728 2082 illa
747 2027 778 2082 et
793 2017 912 2100 pudica.
954 2015 1030 2080 llam
1055 2023 1122 2082 utut
1141 2014 1201 2081 Ve-

135 2099 315 2183 sahaffquae
335 2101 442 2168 illicito
460 2121 561 2168 amore
575 2103 701 2186 patriam
722 2103 871 2186 prodidit,
887 2121 951 2166 cunr
964 2101 1129 2184 praesentia
1147 2099 1204 2164 dc·

134 2186 236 2252 atinae
256 2189 336 2251 uitiis
358 2200 530 2272 comparata
557 2188 700 2271 pudica
727 2209 800 2255 sane
827 2189 886 2253 dici
912 2189 1028 2272 potuit,
1052 2183 1204 2254 ansani

133 2281 229 2358 poeta
253 2273 312 2338 lroc
338 2277 520 2356 potissimum
544 2278 669 2357 egisset,
695 2285 727 2338 nt
752 2276 953 2360 pristinam
980 2289 1093 2339 moram
1114 2273 1204 2337 aim·

136 2358 360 2444 plicitatem
374 2361 500 2444 perditis
512 2381 605 2426 snae
625 2362 767 2426 aetatis
781 2363 912 2426 moribus
926 2368 1106 2444 opponeret,
1126 2357 1207 2422 alia-

137 2465 205 2510 rum
228 2445 405 2510 laminarum
425 2449 544 2512 nomina
562 2447 745 2531 proferenda
770 2457 871 2526 erant,
898 2465 975 2530 qnae
993 2449 1087 2510 minus
1109 2444 1205 2508 amhi·

135 2549 202 2614 gua
222 2534 414 2598 castimoniae
432 2535 568 2616 exempla
589 2533 754 2599 ediderant.
796 2535 918 2616 Itaque,
947 2534 1019 2616 quin
1042 2540 1132 2614 pcata
1150 2549 1206 2594 aa·

135 2621 240 2699 siquas
262 2621 379 2700 patriae
397 2621 537 2684 historias
559 2620 683 2702 egregie
710 2620 813 2685 doctus
834 2619 949 2684 donum
979 2628 1090 2684 certant
1110 2617 1206 2697 sigui·

135 2704 291 2784 manmit,
324 2723 402 2787 quae
428 2707 575 2789 quondm
601 2709 700 2786 gentis
728 2707 879 2790 Tarpeiae
911 2705 985 2783 init,
1018 2719 1206 2786 nequaquam

137 2789 256 2854 tluhito.
298 2791 372 2854 Nam
393 2801 515 2874 praeter
536 2793 686 2857 custodem
707 2793 792 2856 illum
814 2794 996 2856 notissimum
1020 2791 1098 2854 alter
1118 2790 1207 2852 etiam

139 2877 197 2958 Sp.
218 2876 364 2960 Tarpeius
387 2887 644 2954 commemoratur,
666 2879 718 2958 qui
739 2898 769 2942 a.
783 2879 820 2943 U.
841 2894 868 2940 c.
882 2875 966 2940 GGG.
988 2893 1054 2938 oum
1072 2880 1111 2938 h.
1132 2875 1207 2940 Ate-

134 2964 193 3024 'rio
214 2963 317 3028 consul
344 2964 401 3028 init
429 2963 511 3042 (Lir.
538 2963 592 3038 111,
621 2967 672 3027 31.
701 2965 779 3028 Plin.
807 2963 871 3040 vlt,
900 2965 953 3026 38.
981 2961 1058 3027 cett.
1084 2961 1122 3035 ll,
1150 2962 1207 3024 tl.

138 3045 266 3130 Dionys.
288 3049 357 3116 llal.
378 3051 417 3114 X.
440 3068 469 3131 p.
492 3052 567 3113 673.
592 3047 719 3115 Diodor.
741 3049 808 3114 Xll.
835 3067 865 3130 p.
887 3047 986 3126 333).
1028 3047 1094 3110 ilas
1113 3043 1208 3124 igitur

136 3134 251 3212 aedes,
275 3153 341 3200 cam
357 3131 513 3219 postmodo
542 3135 575 3200 iu
597 3135 687 3198 aliam
707 3137 849 3200 familiam
877 3133 1032 3214 triumphis
1060 3132 1209 3195 illustrem

134 3223 345 3300 meinent,
366 3224 425 3285 iam
446 3221 599 3288 Ermanae
619 3221 701 3285 illins
722 3224 861 3304 audqnae
889 3219 992 3284 domus
1021 3219 1086 3282 tata
1111 3217 1209 3299 patie-

135 3307 270 3384 ltantur,
298 3307 337 3373 de
358 3327 418 3390 pua
437 3317 545 3392 poetae
568 3305 675 3373 dictum
695 3308 771 3372 illud
791 3305 1006 3372 nobilissimum
1033 3301 1207 3387 percrebuit

138 3393 224 3470 (Gic.
252 3393 311 3459 Oli.
332 3395 358 3468 1,
381 3397 438 3471 39,
467 3398 569 3470 lton:
596 3396 694 3472 „hen‚
723 3412 811 3476 quarn
841 3392 955 3476 dispari
974 3391 1128 3456 dominare
1150 3388 1207 3451 do-

134 3481 268 3544 nincl“
309 3479 449 3544 Ceterum
476 3481 530 3544 uhi
554 3481 628 3544 haec
656 3479 758 3544 domus
792 3481 851 3545 sita
874 3479 986 3554 luerit,
1013 3493 1090 3540 nuao
1117 3492 1211 3555 quac-

133 3583 214 3631 rere
236 3567 361 3630 otiosum
385 3577 446 3641 est,
469 3585 646 3650 quanquam
667 3567 700 3629 iu
719 3571 818 3632 Aroe
847 3565 941 3630 luisse
962 3562 1109 3646 suspicari
1128 3561 1211 3626 licet.

133 3651 189 3718 (ll.
212 3651 253 3716 ad
273 3653 398 3736 interpr.
419 3651 558 3738 Propert.
579 3654 678 3717 Germ.

246 3758 276 3804 r.
297 3744 328 3804 7.
350 3755 423 3802 non
446 3736 829 3821 desunt-pendere
851 3733 1042 3800 corollae.
1084 3731 1212 3814 Ineptia-

135 3825 248 3890 aimam
277 3824 321 3888 ait
338 3825 518 3890 locutionem
533 3825 568 3889 G.
590 3826 824 3889 llermannns
852 3824 897 3898 (in
919 3827 1048 3886 censura
1067 3819 1210 3884 Obserrr.

134 3911 226 3975 critt.
253 3911 416 3993 Hauptii
444 3915 519 3976 Anu.
546 3911 669 3976 Philoll.
698 3929 727 3973 a.
752 3912 846 3974 1842.
866 3909 934 3977 Vol.
957 3911 1008 3972 33.
1028 3907 1104 3969 isac.
1126 3909 1156 3968 3.
1177 3921 1209 3983 p.

135 3999 248 4074 253).
290 3997 407 4060 Dictum
434 3999 554 4062 nollem.
588 4000 686 4080 Atque
710 3995 799 4060 aliter
823 3995 959 4076 prolecto
982 3993 1158 4064 indicasset,
1185 3987 1214 4052 si

134 4100 234 4148 maara
259 4084 364 4147 saltent
393 4084 606 4168 exemplorum,
633 4099 712 4164 quae
739 4100 862 4162 magnus
883 4081 1024 4161 Scaliger
1044 4080 1112 4142 huic
1131 4075 1218 4146 lihro¹

134 4169 303 4252 ascripsit,
321 4169 455 4250 legisset.
495 4171 630 4234 Pertinet
657 4169 735 4232 enim
761 4170 836 4232 haec
859 4177 1009 4232 structura
1035 4163 1075 4226 ad
1103 4159 1134 4224 id
1161 4167 1218 4225 ct·.

134 4257 303 4324 tracs‘onia
324 4274 437 4341 genus,
455 4273 514 4341 quo
534 4257 697 4344 subiectum
716 4255 879 4322 aromatici
900 4271 928 4321 e.
952 4251 1095 4318 inlinitiro
1116 4245 1210 4322 nerino
