2950 4932
579 363 677 454 erog.
699 361 745 448 ll,
766 369 819 434 so.
1183 369 1258 447 199

280 543 348 611 „Sic
367 555 412 608 epo
429 546 484 592 tom
500 532 588 593 insert
604 539 748 592 eustorio
763 539 931 594 recludor
951 543 1091 598 amoris.

311 613 357 664 lior
371 611 419 662 iiio
438 609 506 678 teliu
521 623 578 662 som
590 607 653 662 ouili
669 611 745 662 suite
760 607 849 676 ΜΓ*

171 729 324 800 mmqom
345 713 566 798 „dignissimum
586 715 726 778 cornicis
738 715 985 781 conclusionem“
1005 717 1182 800 proclunot,
1203 719 1251 784 bis

170 813 290 890 peccet.
330 803 471 880 Primum,
492 799 572 884 qnod
594 799 770 878 custode,
799 821 886 885 quem
907 808 1046 868 Amorem
1068 805 1153 869 illuns
1174 802 1251 881 τόξ-

174 910 278 978 αρχον
305 887 461 970 intelligit,
487 904 544 971 pro
573 905 593 950 e
621 888 788 953 custode
809 889 858 952 rel
878 909 948 972 per
969 891 1172 956 custodem
1192 891 1253 956 dici
1281 937 1287 954 .

173 995 274 1061 posse,
291 978 441 1058 opinetur.
483 975 522 1038 At
541 981 692 1038 auctorem
713 973 758 1038 rei
781 974 829 1039 sel
845 975 1012 1041 edictorem
1029 976 1096 1042 eolo
1117 976 1252 1043 eblutiso

176 1079 347 1214 eg'pffueff
368 1061 553 1212 iaugtrrzrgenlt}
575 1059 699 1211 tisipuni3
717 1055 1050 1210 sigssibceriffbotinitus
1069 1070 1171 1216 satuit
1203 1066 1250 1130 ct.

176 1170 349 1222 s.,
413 1154 495 1224 ,‘.
553 1193 561 1220 ,
627 1190 709 1222 ,.
789 1166 822 1210 ec
872 1167 1007 1212 urceum
1055 1167 1156 1215 rocre
1221 1153 1248 1216 ei

175 1254 235 1320 pro
255 1253 291 1298 ec
314 1235 440 1316 positum
462 1231 557 1295 licet:
585 1249 664 1294 com
686 1231 760 1294 ille
782 1166 1053 1299 coelosqsuorils'
1070 1237 1131 1301 sit
1174 1197 1251 1300 kern

174 1325 275 1406 ipsum
296 1319 371 1383 illul
392 1319 555 1381 subiectum
575 1327 605 1382 et
624 1317 709 1400 quusi
730 1329 821 1401 ceput
841 1321 934 1384 ubist.
964 1321 1110 1400 obsoleti,
1137 1321 1168 1386 in
1190 1342 1249 1407 poc

175 1417 239 1474 tum
260 1424 372 1470 somme
392 1405 539 1468 sententie
559 1413 730 1468 terseretcr
755 1405 881 1484 „ilio⁴‘,
906 1409 1043 1472 omittere
1062 1426 1249 1492 nequequam

177 1495 275 1580 potnit
295 1501 394 1575 poem
443 1489 559 1554 liciole
580 1508 669 1565 reru,
696 1499 728 1554 ot
748 1491 974 1567 „reolocler“
995 1495 1249 1570 sit.,‚reclosis

177 1581 296 1646 loribus
318 1578 532 1658 recipier“,
558 1593 613 1640 uec
642 1594 729 1640 eme
758 1579 943 1660 impetrabit,
972 1597 1028 1643 nec
1052 1599 1072 1644 e
1141 1600 1250 1663 oqusor

177 1667 232 1752 pri
246 1665 354 1730 boine
368 1681 427 1726 uon
440 1661 564 1727 nesciui.
605 1665 645 1726 ot
658 1679 695 1725 ne
718 1661 794 1726 iilud
810 1665 929 1746 quidem
941 1665 1021 1746 quod
1034 1599 1139 1748 lond:
1147 1669 1251 1732 umbe-

178 1754 270 1836 gibus
291 1750 496 1815 demonstrare
523 1756 665 1824 conetur,
695 1750 868 1813 coniectore
887 1751 1070 1818 Broulbosii
1090 1754 1251 1816 absurdam

177 1847 232 1904 sut
249 1837 360 1902 nnllam
374 1835 453 1900 eibci
474 1836 647 1898 sententium
661 1833 759 1899 evicit
800 1835 875 1900 Nem
889 1846 952 1902 utut
974 1837 1014 1900 ed
1026 1837 1152 1902 ocimum
1174 1842 1250 1904 onni-

179 1945 235 1990 cee
255 1926 363 1989 iretnm
386 1921 584 1986 cebriercun
608 1921 747 2002 scriptum
769 1939 836 1985 esse
865 1922 941 1987 bunc
962 1923 1090 2005 elegism
1111 1924 1157 1990 iiii
1179 1944 1249 1989 con-

181 2011 321 2086 cedimus,
342 2007 414 2092 quil
435 2016 575 2092 postium
596 2017 769 2090 spectem
791 1997 1058 2095 ἇλληγορίαν
1078 2012 1108 2075 iu
1129 2011 1188 2084 ipe
1205 2013 1251 2076 di-

178 2100 268 2162 eeriis
294 2097 396 2162 serbis
423 2093 629 2174 eonsilium
662 2111 813 2176 exponere
835 2096 979 2177 iosebeti
1029 2099 1159 2178 Atquin
1182 2100 1250 2162 rino

177 2195 211 2252 et
228 2183 464 2247 comissatione
481 2197 546 2244 cum
566 2177 728 2262 peripsum
749 2181 933 2260 umorem,
954 2183 1124 2247 rincnlie
1145 2183 1253 2248 brmis·

177 2273 263 2336 eimis
284 2269 484 2344 irretitus,
512 2265 551 2329 el
572 2265 756 2328 dominum
778 2265 919 2331 reductus
941 2277 1036 2346 esset,
1060 2269 1251 2334 nihilominus

176 2363 304 2442 propter
326 2354 505 2419 levissimum
535 2353 599 2416 eius
629 2354 740 2414 umoris
763 2353 978 2435 suspicionem,
1006 2373 1093 2436 qoem
1119 2366 1251 2420 sunctum
1372 2391 1379 2410 ι

175 2447 237 2508 iem
259 2439 370 2505 biunde
381 2439 537 2522 appellere
559 2437 760 2515 concubitum,
782 2439 997 2522 inperpetuum
1019 2442 1169 2506 exclusum
1183 2443 1251 2506 nul·

175 2531 226 2594 ies
248 2527 355 2593 exinde
382 2536 486 2591 noctes
505 2525 610 2589 felices
637 2525 777 2587 imbuisse
799 2544 832 2589 se
859 2535 1022 2592 assereret.
1065 2528 1173 2593 Nonne
1194 2531 1252 2592 boo

176 2617 252 2681 setis
279 2623 345 2678 eret
373 2612 413 2676 sul
441 2610 584 2694 Gpntbiee
611 2610 796 2675 irecouliem
832 2613 1048 2694 mitigandum?
1089 2616 1136 2680 An
1160 2615 1251 2693 lorte,

177 2693 252 2786 quie
281 2699 352 2783 quid
376 2697 468 2762 vellet
493 2715 607 2779 ‚poree
628 2695 710 2758 illius
732 2701 841 2760 euree“
869 2717 929 2762 usn
951 2697 1165 2780 intelligerent,
1192 2701 1253 2766 iem

176 2793 209 2853 iu
233 2788 290 2850 line
312 2785 439 2850 adderet
456 2783 552 2847 istud:
578 2781 678 2860 „Quiri
697 2782 801 2846 iubols
819 2781 950 2850 iceett“
983 2783 1081 2864 -Qootl
1104 2796 1173 2868 post
1192 2797 1251 2850 tem

176 2874 356 2941 luculentum
378 2871 596 2934 enarrationem
622 2867 712 2930 multo
735 2867 885 2933 elbcscios
906 2872 972 2953 ipsc
1001 2871 1120 2942 silentio
1150 2871 1252 2938 deols·

180 2962 253 3038 reri,
272 2959 457 3024 venustiores
476 2973 577 3019 cruces
598 2955 794 3020 consentient.
837 2955 929 3022 Viles
947 2957 1049 3042 igitur,
1072 2975 1159 3040 uppem
1181 2968 1252 3042 spte

180 3045 221 3111 erl
247 3045 420 3109 sententium
449 3039 630 3106 liroukbosii
658 3041 832 3104 coniectore
857 3044 906 3118 sit
956 3043 1019 3107 lieo
1043 3042 1134 3116 obem
1161 3043 1252 3108 credo

178 3133 317 3214 cuiquem
345 3131 441 3211 magis
470 3128 608 3210 placere,
637 3127 696 3189 nisi
720 3126 800 3209 puori
828 3127 896 3191 cod.
917 3128 1025 3195 vabre
1053 3129 1253 3206 comprendet:

177 3221 365 3286 reiectus.
408 3217 558 3279 Proiecto
586 3213 663 3276 enim
683 3213 780 3294 prinis
799 3207 917 3294 spliube
944 3215 1066 3281 rerbcm
1086 3215 1143 3280 boc
1172 3226 1254 3294 extet

177 3304 358 3382 Lucretii,
379 3305 453 3366 330.
495 3301 558 3366 Neo
580 3299 657 3363 mole
677 3299 934 3384 irepoentetirnm.
983 3300 1075 3380 Nom,
1100 3319 1165 3366 cunr
1186 3303 1252 3366 col·

178 3393 243 3457 lem
264 3391 323 3454 sibi
344 3402 460 3453 noctem
480 3386 598 3450 iolieem
620 3405 658 3448 ex
678 3385 733 3458 illo
753 3386 848 3451 tuisse
870 3385 968 3464 ilicet,
996 3403 1057 3451 nou
1076 3397 1137 3454 tum
1157 3390 1253 3453 solum

179 3495 248 3543 enm
269 3478 468 3560 percusisset,
496 3472 550 3536 sel
571 3474 692 3555 saepius
721 3471 830 3537 conde
855 3473 969 3538 inustus
987 3473 1069 3537 edito
1088 3476 1182 3564 petito
1205 3495 1253 3540 re-

178 3565 297 3649 pulsum
319 3581 385 3626 esse
400 3570 519 3645 poetam
540 3569 767 3627 consentaneum
780 3568 836 3624 est.
877 3558 1052 3626 coenasse
1073 3563 1186 3624 erroris
1199 3563 1253 3625 ob-

179 3667 281 3716 scure.
328 3649 535 3714 librariorum
557 3647 643 3720 enim,
670 3645 721 3726 qni
742 3644 888 3726 spllsbem
908 3665 945 3716 re
965 3656 1035 3710 ente
1056 3649 1073 3705 i
1093 3665 1254 3714 consonent

179 3736 307 3821 produci
329 3737 487 3808 nescirent,
516 3734 623 3815 porticu
645 3748 702 3812 pso
724 3729 910 3804 costos-
925 3731 1091 3799 custode
1111 3753 1254 3816 reposue-

180 3829 261 3902 runt,
281 3823 390 3904 partim
410 3837 466 3904 pro
489 3819 668 3882 reiectos
683 3849 724 3862 -
741 3815 945 3897 recludor,
965 3817 1046 3898 qnod
1068 3837 1124 3888 nec
1145 3823 1188 3884 ite
1209 3819 1254 3884 di·

180 3927 299 3976 rersum
321 3907 488 3971 litterarum
508 3906 618 3987 specie,
642 3911 672 3966 et
693 3901 724 3964 in
746 3919 805 3994 pcc
826 3901 906 3966 iorte
919 3906 1067 3986 positione
1089 3905 1182 3970 uiebili
1203 3927 1254 3970 en-

181 3993 414 4063 occurreretur
431 3993 551 4072 longum
574 3988 738 4053 crederent.
780 3988 942 4052 Bnrmenui
964 4001 1069 4055 conce
1082 3992 1175 4058 illuri:
1198 4011 1254 4056 ou·

181 4091 267 4147 stus
296 4077 455 4154 elutior,
492 4087 616 4160 propter
648 4073 806 4146 insulis
839 4075 969 4168 elipeum
1003 4077 1257 4157 significationem,

183 4187 271 4252 poem
293 4175 391 4230 tomen
418 4163 457 4227 eb
478 4163 536 4226 boc
555 4163 624 4226 loco
653 4176 778 4246 prorsus
800 4161 906 4228 obesse
931 4173 1061 4240 constet,
1091 4166 1181 4228 multo
1202 4167 1256 4228 mi-

183 4275 238 4322 nus
265 4255 419 4336 probetur.
469 4249 636 4313 Passeratii
660 4265 733 4310 sero
760 4249 964 4326 seclolor,
990 4251 1124 4332 quumvis
1152 4253 1257 4316 eodem

184 4344 249 4412 eins
278 4337 483 4432 interpretatio
512 4333 618 4410 moesi
646 4351 704 4430 quo
722 4335 872 4418 Brookb„
895 4336 953 4410 bec
977 4337 1007 4410 ri
1030 4337 1169 4411 Latinum
1198 4355 1259 4413 nou
