2762 4902
224 606 316 681 ceput
337 589 372 660 n'c
390 595 504 660 lumbos
525 595 692 661 liberaliter
706 595 891 673 dedolsssd‘,
910 597 1079 678 insequenti
1098 604 1194 662 entem
1205 613 1274 660 rerrn
1345 609 1346 662 l

225 687 273 763 (in
285 685 364 748 notis
378 689 459 760 mss.)
478 691 591 766 ceput
611 685 747 747 ianitoris
766 682 915 762 intelligit,
935 685 1013 764 quod
1035 683 1200 763 tegularum
1209 684 1275 760 lrsg·
1345 667 1346 724 l

224 771 330 835 ruentis
351 787 371 832 e
392 769 518 850 Cynthio
537 769 659 852 petitum
680 787 746 832 esse
766 775 873 850 negot,
904 771 936 830 in
959 770 1045 832 editis
1065 787 1137 834 rcro
1159 769 1274 848 Scelige·

224 873 289 921 rnm
311 864 429 918 secutus
450 857 492 918 sic
515 857 657 936 explicet:
679 873 795 936 „meque
815 856 931 929 euenit,
962 865 995 918 nt
1019 856 1124 936 tegulo
1145 875 1165 918 e
1186 855 1276 918 nostru
1345 863 1346 878 ¹

224 940 1277 1022 mmmmmwmmmm

224 1031 357 1093 sentiet
382 1027 584 1110 circumspecti
612 1029 699 1106 signe
727 1043 793 1090 csse
814 1028 866 1090 sit.
905 1027 995 1090 Vides
1018 1029 1203 1090 coniectores
1220 1043 1279 1088 con·

222 1114 345 1178 iecturis
372 1112 473 1178 lultss.
516 1113 668 1196 Exemplis
695 1122 801 1187 eutem,
826 1129 903 1195 putee
929 1113 1019 1194 lorge
1046 1132 1135 1176 mun
1161 1112 1278 1185 edibuit,

223 1201 300 1263 nibil
320 1197 402 1262 eliud
424 1199 619 1275 demonstret,
641 1201 699 1262 nisi
724 1199 841 1278 tegnles
863 1200 975 1268 lrsctes
998 1201 1029 1262 in
1047 1201 1145 1280 cupito
1163 1207 1281 1281 prseter-
1305 1205 1310 1216 '
1345 1229 1346 1238 1

225 1287 355 1350 euntium
382 1285 521 1349 decidere
542 1286 578 1349 de
598 1293 675 1349 tectu
698 1303 806 1367 posse,
828 1294 857 1347 et
878 1287 1034 1349 rescivisse
1056 1287 1112 1348 boc
1134 1287 1192 1348 iem
1212 1293 1279 1346 rete·

223 1390 273 1436 res
295 1389 358 1435 cunr
386 1381 489 1452 poetes
516 1380 576 1434 turo
609 1389 705 1435 rernm
734 1378 881 1434 suctores.
928 1371 1040 1435 Senior
1063 1372 1167 1452 ntique
1194 1367 1282 1434 ltcobi

179 1471 183 1478 ·
223 1459 311 1534 retio,
333 1475 506 1540 quemquem
526 1457 597 1538 quid
618 1459 778 1520 obiecto
801 1458 945 1537 Cynthius
966 1459 1064 1539 cepite
1085 1457 1207 1532 lucion,
1232 1472 1281 1517 non

223 1545 297 1608 setis
316 1543 453 1624 equidem
468 1545 540 1606 scio.
572 1544 649 1622 Quid
670 1546 756 1620 euim,
776 1544 802 1605 si
815 1544 915 1622 tegulo
936 1555 1021 1606 curte
1036 1544 1175 1606 deorsum
1193 1559 1288 1623 oper--

224 1629 408 1694 secutoribus
430 1632 602 1705 mitteretur,
625 1630 687 1692 sire
710 1629 747 1691 de
763 1637 840 1693 tecto
855 1647 925 1692 essu
943 1632 1068 1704 reniret,
1086 1639 1177 1710 ceput
1192 1629 1226 1691 de
1244 1629 1286 1688 in-

150 1759 154 1780 .
223 1715 338 1780 dustria
360 1715 578 1780 obiiceret?
619 1720 657 1779 At
676 1723 741 1780 utut
769 1724 823 1792 est,
844 1717 1015 1780 recesseris
1033 1725 1113 1780 certe
1128 1717 1285 1778 coniectore

223 1809 360 1866 nonest

220 423 300 506 472
555 423 818 492 Commentarius
836 425 870 490 ln
891 423 988 511 Prop.

322 1921 351 1970 t.
373 1907 425 1968 27.
447 1919 606 1972 currum.
636 1905 737 1968 lleius.
766 1905 844 1966 coni.
866 1903 1025 1967 lurtum.
1068 1902 1162 1967 Recte
1184 1899 1285 1981 respuit

221 1987 323 2055 Iocob.
350 1990 421 2053 colb
449 1991 480 2063 b,
503 1995 532 2051 2.
576 1989 689 2068 Quodsi
718 1990 923 2052 Lecbmenous
952 1989 1066 2052 lleiosii
1093 1991 1287 2052 coniectore·

221 2089 243 2140 t
263 2075 416 2157 plerisque
439 2075 602 2138 editoribus
625 2087 773 2157 receptam
794 2077 860 2138 ideo
885 2077 1081 2157 probaverat,
1112 2078 1187 2155 quie
1208 2072 1289 2135 nemi·

188 2233 192 2243 .
221 2179 298 2234 nem,
320 2166 370 2242 qni
393 2161 483 2224 sliter
505 2181 590 2242 quiem
611 2163 710 2244 inepte
731 2181 795 2224 eoos
813 2179 914 2225 rocem
930 2161 1102 2242 expliceret,
1121 2161 1289 2222 inuenisset:

222 2235 261 2310 dc
282 2245 391 2328 Vulpio
414 2245 531 2328 quidem
554 2258 583 2309 et
605 2249 773 2310 Butrmuuou
797 2257 826 2312 et
841 2247 917 2310 duit.
934 2247 1104 2326 Vletuiugio
1122 2257 1154 2308 et
1169 2248 1289 2327 *quuicnn-

99 2345 146 2383 ι’
214 2348 281 2428 pue
301 2348 354 2394 ecs
382 2335 475 2395 sceruti
504 2344 587 2409 sunt,
615 2352 674 2396 non
703 2335 813 2396 iniurie
838 2334 911 2394 illud
939 2333 1055 2414 quidem
1085 2333 1197 2395 dictum
1226 2340 1290 2404 estc,

223 2420 408 2498 quantumuis
429 2417 550 2482 durum:
579 2417 756 2498 Beroaldus,
776 2428 809 2481 ut
834 2419 933 2492 toties,
954 2423 983 2481 in
1006 2419 1070 2481 istis
1092 2419 1227 2482 terebris
1243 2433 1291 2480 re·

156 2553 159 2562 .
220 2521 288 2568 rum
308 2504 433 2568 rideret
476 2505 528 2567 Sic
553 2506 628 2568 enim
655 2505 724 2568 ille:
757 2505 849 2582 „Quis
877 2505 952 2568 sicit
977 2516 1007 2568 tc
1036 2505 1067 2567 in
1097 2522 1166 2568 neo
1195 2505 1291 2567 luncre

222 2597 386 2654 cerretum:
410 2597 440 2653 et
460 2593 557 2673 sepite
577 2593 610 2655 ln
630 2599 740 2656 terrem
761 2590 921 2656 inclinato:
951 2589 1030 2676 quod
1052 2592 1172 2671 signum
1198 2599 1242 2654 est
1261 2603 1293 2650 en

221 2676 321 2740 enimc
341 2675 503 2758 lugentis.“

324 2796 355 2843 r.
375 2781 428 2846 29.
448 2779 546 2844 illuc
567 2779 637 2845 libri
658 2797 766 2845 onnes.
798 2777 934 2843 Muretus
956 2777 1056 2842 illud
1076 2779 1168 2856 coni,
1191 2777 1293 2861 qnippe

127 2911 132 2918 -
220 2863 400 3016 pulillno
427 2882 483 2946 pro
511 2866 655 2934 edrerbio
689 2884 846 2951 perperene
882 2867 1056 2950 accepisset.
1106 2865 1292 2929 Lecbmsnnt

248 2961 396 3034 roperttus
417 2971 501 3016 sunm
525 2952 621 3016 debet

324 3071 352 3118 r.
376 3058 427 3118 33.
451 3054 560 3118 nullo
582 3052 771 3120 mercede.
818 3054 1039 3119 Brookbnsios:
1069 3063 1197 3138 „utpote
1227 3069 1292 3136 qno-

221 3155 286 3203 rum
303 3142 433 3256 pretinm
453 3143 601 3242 periisset*
615 3143 680 3220 tibi,
698 3141 871 3242 nnllouinde
891 3141 929 3204 sd
951 3152 980 3205 te
999 3140 1198 3240 emolumento
1222 3137 1294 3206 redi·

221 3227 475 3378 &edocerisffinslrln
489 3227 1078 3410 ἘοίιίμρῗίωρξᾶῗιίιὲὃοτῗῑμεῗΙυῗιῗτἘ.
1090 3246 1220 3377 enpmpppe
1230 3241 1295 3390 girgl:

220 3403 273 3462 tur
290 3397 495 3464 Passeratius:
515 3399 628 3464 nulle
649 3399 847 3464 mercede:
867 3399 974 3476 riles,
997 3416 1072 3480 quos
1092 3399 1178 3462 nullo
1203 3407 1294 3482 pretro

221 3485 376 3548 mercoris.
419 3485 466 3550 ct.
486 3485 534 3548 ΕΙ.
554 3485 593 3562 11,
614 3489 665 3560 31,
688 3490 740 3550 71.
766 3485 818 3565 111,
840 3489 891 3566 13,
913 3487 965 3552 33.
986 3504 1031 3570 sp.
1076 3484 1149 3551 Cum
1171 3486 1231 3550 bec
1254 3484 1295 3546 in·

186 3585 191 3620 ³
221 3573 437 3650 terpretmioue
459 3573 569 3653 optime
590 3573 729 3637 conreoit
834 3571 849 3606 ·

321 3689 351 3736 r.
374 3677 426 3739 31.
449 3676 596 3739 trectus
613 3674 747 3752 sedne,
763 3693 849 3758 quem
870 3671 973 3754 sigillo
993 3674 1089 3738 trecto
1111 3674 1294 3756 resigne-

220 3761 293 3818 tum
314 3773 380 3822 esse
402 3761 492 3840 uulgo
512 3759 563 3824 sed
582 3762 662 3825 lelso
683 3772 797 3846 putent.
839 3761 926 3827 vetet
946 3761 1025 3825 emm
1046 3760 1209 3826 Latinitas.
1251 3753 1295 3821 td

220 3839 298 3904 leno
320 3846 395 3906 enim
411 3851 633 3929 proportionem
651 3851 701 3914 rel
721 3847 839 3912 sedes
861 3856 1025 3928 opertos
1045 3881 1089 3896 -
1109 3847 1226 3910 lrectes
1242 3844 1294 3908 eli·

220 3927 292 4008 pris
317 3926 406 3994 diest.
457 3933 545 3997 luno
574 3935 727 4000 irectus
756 3934 849 3998 oedns
884 3942 929 3997 ost
964 3943 1114 4014 curtus,
1151 3933 1294 4016 emptore

133 4041 140 4050 ·
221 4012 327 4078 eollo
349 4015 495 4095 lrscto,
521 4037 582 4100 quo
605 4021 675 4084 doni
697 4020 796 4086 rilitos
817 4017 967 4082 edicecius
989 4019 1184 4098 significetur.
1226 4015 1294 4082 rost

220 4117 250 4166 t.
272 4104 325 4166 dl.
347 4103 459 4166 rectius
479 4105 607 4171 lurtum
628 4107 834 4187 interrogtndi
854 4108 943 4186 siguo
961 4106 1138 4185 distingues.

324 4224 352 4271 r.
376 4211 429 4272 36.
457 4207 572 4273 Sensi
599 4229 682 4292 ego,
707 4227 794 4274 cunr.
838 4209 907 4276 Vld.
935 4210 973 4288 Q.
994 4209 1029 4273 Ρ.
1055 4209 1093 4284 ll,
1114 4211 1145 4272 ll.
1168 4223 1203 4287 p.
1226 4205 1294 4268 113
1345 4217 1346 4292 t

221 4289 331 4355 comm.
350 4293 388 4356 nd
401 4293 449 4359 lil.
462 4295 512 4370 lll,
525 4300 556 4374 8,
570 4301 621 4360 27.
643 4297 726 4360 Mire
742 4305 838 4360 sutem
852 4296 1003 4376 Sosligeri
1016 4293 1230 4374 interpretatio
1244 4296 1293 4362 est.

221 4377 415 4460 pellidnnt
436 4383 535 4447 tinum
556 4383 739 4448 inlerlttm
760 4381 823 4448 dici
843 4382 1053 4460 existimatis,
1073 4372 1292 4465 puod„drsesi
