2912 4920
600 213 701 364 [dieg.
714 271 777 358 111,
797 273 830 343 7.
1121 271 1127 286 ’
1188 279 1268 358 270

188 463 316 532 poene
331 455 474 529 ungetur,
492 463 550 530 pro
574 463 643 530 ego
665 447 840 532 punitus,
867 443 1275 516 potusustentante

187 551 261 602 tero
284 535 358 600 sttht
381 551 498 616 quoqute
521 552 600 615 aqua
621 545 792 616 pereuntem
814 537 844 598 et
863 535 921 596 iorn
944 553 1070 598 mersum
1088 535 1145 598 sit:
1168 525 1218 614 ti,
1232 539 1261 616 Ι,

190 626 263 686 tto.
285 621 322 696 11,
343 626 395 698 ht,
412 625 464 684 24.
486 620 525 696 11,
547 625 599 697 80,
622 625 672 686 17.
696 631 726 686 et
748 621 885 684 similiter
905 622 991 686 uehi
1010 622 1060 700 lv,
1082 625 1112 697 6,
1126 625 1178 687 58.
1197 621 1261 687 Sed

188 717 284 772 restet
303 707 359 770 iile
378 708 526 790 „pistricis
542 706 673 771 cauda“:
697 708 879 771 minentis
902 726 1040 789 squuae;
1063 725 1142 790 qnnc
1157 709 1261 788 serbe,

190 811 311 876 qnoqtm
330 802 361 856 ts
379 795 481 867 sertis,
504 811 558 856 nec
571 795 680 856 Latina
697 803 792 870 erunt,
812 812 908 878 neque
929 793 1006 857 udeo
1021 795 1154 858 hnmana.
1185 793 1262 860 Nam
1319 825 1320 829 ¹

189 881 253 944 sire
275 880 436 960 genitivum
458 880 645 944 minantis
667 897 793 962 cquae
815 880 853 944 sd
874 898 1034 964 poenam
1054 881 1161 958 refers,
1183 899 1261 962 qnae

190 983 273 1029 enum
294 967 354 1028 ism
373 967 463 1028 hahet
483 967 644 1045 genitivum
667 968 858 1048 Argynni,
881 967 943 1031 siue
960 965 999 1031 ad
1021 967 1176 1044 littore,
1199 985 1258 1050 quo

190 1051 346 1116 distortum
366 1051 419 1114 hat
436 1052 635 1132 hyperbaton:
660 1053 752 1117 uerba
772 1053 906 1127 titubent,
939 1063 969 1116 et
991 1051 1081 1116 foede
1101 1054 1163 1116 hiat
1180 1067 1261 1118 cont·

189 1139 311 1222 positio.
354 1137 458 1220 ltaque
479 1139 659 1219 scripsimus,
681 1139 759 1219 quod
780 1139 926 1202 historiae
949 1139 1108 1214 dictabant,
1131 1141 1219 1202 toties
1240 1159 1261 1202 a

188 1225 323 1288 librariis
335 1227 445 1286 nostris
461 1227 608 1287 nominum
623 1243 724 1306 propr.
734 1226 910 1304 'ignorantia
926 1227 1133 1288 oblitteratae:
1155 1225 1261 1304 Quae

189 1329 221 1375 tt.
242 1311 409 1390 Argynni
438 1328 469 1392 p.
489 1310 825 1375 Athamantiadae.
878 1315 1033 1391 Argynuus
1060 1311 1136 1374 enirn
1157 1311 1260 1374 Len-

190 1399 302 1460 conis
331 1395 409 1458 iilius
432 1395 550 1477 (Steph.
568 1397 698 1477 Byzaut..
709 1402 809 1474 teste),
830 1398 1073 1461 Athamantis
1099 1416 1137 1461 ex
1159 1397 1259 1460 The·

190 1484 306 1546 misto
328 1500 422 1562 nepos
444 1483 601 1561 (Apollod.
615 1484 638 1557 1,
659 1487 689 1557 9,
705 1487 734 1546 2.
756 1483 844 1546 Perus.
858 1483 910 1558 IX,
925 1487 1001 1564 hh).
1018 1517 1061 1530 -
1102 1483 1164 1546 Iam
1185 1499 1259 1550 uero

113 1635 124 1650 ⁸
189 1585 228 1632 ae
250 1567 456 1631 dissimiliores
475 1569 641 1652 litterarum
664 1568 768 1632 ductus
788 1587 927 1644 censeas,
956 1587 1044 1650 queam
1064 1571 1115 1650 qui
1136 1567 1203 1632 solu
1221 1567 1260 1632 li-

189 1655 359 1719 hrsriurum
391 1653 592 1717 alucinatione
621 1656 652 1717 in
684 1656 848 1736 scripturas
875 1655 1013 1733 uulgatus
1046 1657 1176 1718 transire
1203 1672 1260 1737 po·

189 1743 316 1806 tuerint:
351 1758 410 1804 non
440 1757 496 1820 ego
523 1758 600 1804 nunc
629 1741 743 1803 maiore
770 1743 857 1803 ctiam
884 1751 1021 1822 portenta
1048 1757 1260 1804 commemoro:

189 1829 247 1892 hoe
267 1828 362 1890 seium
384 1820 506 1902 moneo,
534 1845 655 1908 aquae
677 1834 709 1890 ut
731 1827 992 1906 exterminatione
1014 1828 1139 1889 nominis
1165 1827 1260 1890 adae

170 1912 377 1987 efficeretur,
405 1913 570 1991 argumenti
597 1915 743 1976 notionem
771 1915 973 1994 persuasisse,
1002 1909 1081 1994 qruod
1108 1921 1197 1976 toturn
1227 1913 1261 1974 in

190 2000 282 2062 meris
308 1997 452 2081 periculis
472 1998 657 2061 versabatur.
707 2001 798 2079 Atqui
821 1999 916 2062 bonos
944 2001 1102 2062 monachos
1123 1999 1261 2080 proxime

188 2093 300 2149 tontum
320 2086 430 2167 ultique
451 2094 603 2165 spectasse
625 2084 663 2146 de
685 2086 823 2148 uniuerso
847 2086 1055 2148 sententiarum
1077 2103 1171 2160 nexus,
1201 2083 1261 2147 non

189 2171 279 2234 modo
306 2170 343 2234 de
371 2172 585 2252 compositione
607 2189 746 2246 securos,
774 2172 840 2254 quis
867 2173 1004 2234 nescisti
1047 2166 1164 2234 Initium
1186 2187 1259 2234 uero

189 2257 317 2320 nominis
346 2254 633 2340 duplicemiapsum
661 2257 796 2338 peperit,
827 2275 890 2319 cum
916 2257 970 2320 aiii
997 2274 1014 2319 e
1042 2265 1261 2338 poenasto-

191 2344 705 2425 manti—poenaminantis,
727 2341 782 2405 elii
802 2343 1102 2422 poenauatuntis
1119 2359 1263 2425 procrea·

190 2437 269 2494 rent.
287 2461 328 2476 -
378 2429 481 2507 Quae
504 2447 595 2512 porro
617 2445 672 2509 pru
695 2425 775 2505 Qun
797 2429 826 2490 in
858 2437 940 2492 tants
959 2427 1200 2510 compendiorum
1221 2428 1263 2490 si·
1285 2495 1288 2510 Ι

191 2513 357 2578 mititudiue
384 2515 504 2578 litterae
531 2515 655 2578 initialis
683 2516 732 2577 uix
762 2523 806 2577 est
828 2516 967 2591 mutatio,
1000 2517 1091 2578 etsie
1114 2516 1171 2578 iam
1194 2523 1264 2578 ente

191 2617 247 2664 nos
268 2601 337 2664 inde
359 2619 378 2662 a
399 2602 572 2664 Passeratio
601 2617 713 2662 omnes.
758 2597 872 2663 Notat
894 2601 1031 2680 denique,
1059 2617 1114 2682 pro
1136 2609 1263 2665 notnrn
1339 2597 1342 2604 ’

191 2685 336 2764 reddit,
363 2703 486 2768 prorsus
508 2687 733 2768 Properticnnm
760 2694 805 2749 est
826 2685 880 2764 (ci.
902 2687 950 2750 Ei.
973 2685 1021 2762 tv,
1043 2690 1074 2762 2,
1096 2689 1176 2792 Ap..)
1225 2685 1265 2750 Et

190 2774 323 2837 tortasse
347 2773 414 2835 huic
436 2774 505 2835 loco
527 2774 658 2835 admixto
678 2782 721 2834 est
734 2773 880 2852 qttnedant
898 2772 1053 2854 opprobrii
1075 2771 1265 2854 significatio,

192 2877 251 2942 puro
278 2869 424 2923 tontornnu
454 2859 626 2921 damnorum
654 2875 772 2919 causum
793 2877 898 2940 aquueuu
921 2869 1011 2938 poeta
1029 2857 1168 2922 incessui.
1212 2859 1264 2920 Sic

191 2947 269 3012 testo
295 2944 438 3024 Abydeno
472 2946 614 3008 crimen
650 2961 687 3006 ex
714 2951 808 3005 nnorte
833 2943 967 3006 Leandri
992 2943 1126 3008 haesisse
1156 2943 1265 3006 dicitnr

192 3031 280 3098 ortt.
303 3031 396 3094 Trist.
412 3031 465 3107 111,
486 3036 535 3106 tn,
556 3035 624 3094 tn:
653 3031 720 3092 Nou
743 3029 823 3092 ioret
845 3039 987 3108 augurstae
1010 3047 1089 3092 iners
1111 3040 1161 3092 toa
1182 3031 1265 3092 cri-

190 3135 269 3182 men
290 3135 423 3199 aquae.
441 3151 483 3163 -
534 3117 580 3178 De
603 3115 707 3178 iahnia
736 3116 803 3196 ipso
824 3117 957 3195 Argynni
985 3115 1071 3198 ualde
1092 3115 1265 3197 discrepare
1342 3123 1346 3130 '

188 3205 327 3268 ridentur
348 3213 487 3266 suctores
515 3211 648 3276 ueteres,
679 3201 828 3283 pirannis,
858 3219 932 3283 qnos
957 3219 1031 3262 nunc
1054 3202 1171 3283 quidem
1193 3203 1266 3264 licet

188 3291 347 3438 inspiceArle,
370 3291 476 3438 haurite}
491 3289 799 3437 solsumtdemsttanduaultt
807 3287 999 3436 Mhen'xqup'
1009 3307 1036 3437 pi
1047 3275 1179 3438 (igini).
1195 3289 1265 3438 Gip-

190 3395 273 3440 nuens
332 3393 380 3438 en.
430 3392 628 3437 rure...
689 3393 753 3436 e.
822 3392 945 3437 z.s.t.
1003 3394 1041 3437 u.
1150 3392 1266 3437 nc..

189 3463 273 3526 luter
293 3479 368 3542 quos
389 3393 558 3524 Athenaepus
573 3394 723 3524 credend}
746 3469 775 3520 et
794 3393 1184 3536 Synephauoossenrteddthus
1205 3457 1268 3523 Ge-

190 3551 327 3634 phisso
356 3550 525 3627 Argynnurn
553 3561 765 3620 mersurmlesse
798 3547 907 3621 tradit,
939 3545 1018 3626 quod
1046 3547 1076 3608 in
1098 3547 1184 3610 huius
1206 3545 1268 3608 loci
1340 3595 1344 3600 .

191 3631 412 3698 similitudinem
428 3651 485 3696 nou
507 3631 597 3697 cedit.
640 3633 686 3694 De
700 3633 790 3694 uraris
812 3633 887 3694 enirn
904 3633 1030 3694 saeuitia
1041 3633 1151 3712 agitur.
1182 3632 1268 3696 Unde

166 3721 340 3800 'suspicari
372 3738 431 3783 non
454 3721 597 3782 absonum
618 3716 763 3791 uideatur,
795 3734 846 3780 eus
868 3721 1054 3780 narrationes
1078 3718 1269 3801 Propertium
1402 3783 1408 3790 ,

191 3817 323 3872 neutum
344 3819 420 3882 esse,
450 3797 558 3887 ¹qurihus
580 3803 796 3882 naufragio
825 3805 953 3884 periisse
974 3806 1114 3866 amasium
1138 3807 1269 3884 Agame-

191 3896 306 3956 mnonis
324 3893 508 3956 traderetur.
552 3890 583 3952 ln
603 3909 690 3970 quam
711 3891 883 3952 sententiam
896 3891 1030 3960 Brouhh.
1046 3889 1199 3954 Plutarchi
1222 3890 1269 3952 lo·

192 3996 258 4042 cnm
280 3979 408 4041 absurde
430 3977 573 4058 explicet,
607 3995 694 4057 qunnr
717 3979 997 4054 Agamemnone
1015 3976 1139 4038 ialsis
1164 3993 1270 4040 unare

192 4062 968 4130 ettentoscrinuinihnsonerassedicat.
1024 4063 1089 4139 Quo
1112 4063 1178 4123 iure
1201 4063 1268 4143 ipse
1400 4067 1412 4084 ·

192 4151 302 4217 uideat.
347 4151 428 4214 Haec
450 4149 526 4210 eninr
549 4158 615 4211 snut
634 4146 716 4209 illius
735 4148 842 4210 uerita:
863 4138 902 4208 ‘0
925 4139 954 4209 d'
973 4137 1186 4230 Ἀγαμέμνων
1209 4141 1270 4230 τὴν

193 4229 365 4302 Βοιωτίαν
384 4227 517 4318 ἐπῆλθε
535 4231 680 4320 κυνηγῶν
702 4226 759 4296 τὸν
772 4223 949 4318 ’Apydorov
961 4223 1197 4317 ὑποφεύγοντα
1213 4227 1271 4296 sat
