2870 4922
227 189 280 269 56
541 134 803 275 cuuusntnrtns
823 192 860 262 ln
884 188 984 280 l’rnp.

232 349 366 448 phallu·
387 361 476 444 clim,
500 329 581 431 nnnc
597 355 767 432 meretricis
792 363 953 444 domicilii,
976 363 1056 430 ratic
1082 369 1190 445 aperte
1212 359 1309 442 aegit.

234 447 282 512 Gi.
305 450 382 512 enim
399 469 429 515 r.
451 454 484 517 5.
506 471 552 534 sq.
600 452 722 519 &abac
749 463 848 518 tannen
864 450 1010 540 putantne
1035 449 1188 516 astralius
1209 463 1309 548 error,

234 537 1023 690 1111111111157111111ἳῖ1111711
1037 543 1127 686 {iit
1145 549 1311 684 11111ιῖ

235 715 321 769 trans
343 707 383 770 sit
406 709 521 773 salitus.
558 645 637 774 iuau
660 645 800 795 pcupani
823 709 1030 792 triumphalem
1057 724 1078 771 a
1105 715 1195 790 perta
1218 703 1311 778 Urbis

236 799 374 872 caeptam
394 793 450 870 (ci.
476 795 583 860 Sanbs.
610 805 641 861 et
668 799 796 861 Bnnseu.
824 797 920 862 1111.
948 801 978 859 et
999 794 1106 858 Athen.
1131 789 1310 856 Ambrnnah.
1406 795 1407 804 ¹

189 873 195 890 “
236 875 343 944 Statiti.
367 886 397 942 et
415 881 584 948 Observata.
602 882 641 946 tie
663 884 744 946 cultu
764 890 794 947 et
813 881 1004 948 sclullemae
1025 879 1165 960 antique
1183 893 1215 959 p.
1237 871 1311 956 78.)

238 963 336 1046 epuIIs
363 965 395 1027 in
425 965 573 1048 capitulla
603 969 725 1050 publice
756 968 844 1033 editis
868 967 980 1032 initam
1015 981 1083 1028 csse
1116 970 1227 1026 certum
1261 967 1311 1024 eat

241 1049 323 1120 ω’·
340 1049 558 1130 XLV,39,11.
581 1059 660 1134 ¹³·)·
681 1055 738 1119 Hit
760 1039 913 1138 depositus
928 1059 972 1116 est
989 1051 1068 1116 Iuris
1089 1057 1211 1112 uruatns
1225 1045 1311 1127 (Lir.

237 1136 278 1211 X,
302 1139 333 1199 7.
355 1135 477 1201 Sueten.
499 1139 576 1219 Aug.
599 1145 653 1205 94.
673 1139 807 1205 lurcnal.
825 1141 864 1214 Χ,
886 1141 937 1203 28.
960 1137 1046 1202 Sera
1073 1133 1114 1198 ati
1134 1135 1219 1214 Vlup.
1239 1130 1312 1196 mul.

237 1221 278 1296 X,
299 1224 351 1285 27.
372 1221 526 1306 Lampsili.
553 1226 729 1290 eleasar.
751 1229 804 1290 40.
826 1223 985 1309 Capitalia.
1008 1220 1152 1288 Gordian.
1172 1223 1205 1284 4.
1233 1234 1313 1301 quaa

238 1305 323 1371 lctus
346 1310 458 1389 prinum
480 1311 608 1376 emulum
629 1307 664 1375 G.
686 1313 722 1376 0.
742 1310 867 1378 hlhller.
894 1310 931 1374 tie
948 1309 1082 1374 Etruscis
1104 1307 1142 1382 tt,
1164 1310 1194 1382 2,
1214 1307 1247 1370 8.
1270 1303 1313 1368 Τ.

237 1391 264 1456 I.
284 1411 314 1476 p.
338 1397 411 1458 374.
433 1404 514 1461 recte
533 1395 727 1478 illustrauit);
745 1415 834 1478 reges
853 1395 1070 1477 censeamini,
1089 1409 1127 1454 ne
1144 1392 1202 1454 hac
1223 1409 1255 1456 ι.
1278 1393 1313 1454 4.

237 1477 422 1558 significatus
439 1482 563 1559 eredas,
580 1485 679 1547 statinn
702 1481 740 1546 tie
753 1482 851 1549 Sacra
868 1483 928 1549 Via
947 1481 979 1544 in
996 1479 1155 1544 Garesram
1176 1475 1312 1541 iduati.

238 1557 305 1628 cic.
324 1566 413 1631 Vere.
434 1567 470 1643 V,
492 1571 545 1643 ab,
565 1574 618 1635 77.
661 1565 765 1651 Neque
794 1571 873 1634 ustis
902 1566 1020 1632 aedium
1040 1566 1223 1648 priuatarum
1244 1569 1315 1629 tam·

237 1659 300 1714 tum
320 1669 443 1732 usquam
462 1655 624 1736 petebant,
652 1664 686 1718 ut
705 1672 823 1720 curram
842 1657 1000 1718 intrantem
1019 1652 1156 1732 recipere
1177 1655 1314 1733 possent,

238 1734 348 1800 nedum
369 1737 545 1822 quadriga
552 1789 562 1820 ,
590 1739 736 1823 siquidem
758 1759 848 1804 curru
868 1739 988 1822 publice
1005 1739 1049 1801 uti
1068 1737 1127 1800 uisi
1145 1735 1315 1816 magistra·

238 1823 319 1886 tibus
346 1827 466 1888 summis
501 1836 532 1891 et
561 1827 704 1890 matronis
730 1827 918 1892 intertlictam
946 1831 1013 1888 erat
1040 1823 1213 1903 antiquitus.
1261 1819 1314 1884 Gi.

238 1908 336 1970 instar
363 1911 490 1974 omniun
510 1911 638 1976 Becher.
666 1911 769 1978 Gallae
796 1913 834 1978 T.
860 1913 887 1976 1.
907 1927 959 1995 pp.
981 1912 1044 1973 213
1063 1927 1129 1992 sqq.
1157 1909 1221 1971 219
1242 1923 1314 1988 sqq.

239 1993 484 2061 Pateiactanu
509 1998 603 2080 igitur
630 2000 785 2063 ianuam
811 1996 1022 2078 triumphis
1049 1995 1247 2074 interpretur,
1280 1997 1317 2054 ιιι

240 2078 430 2145 inminuta
457 2084 540 2148 laeta
568 2085 685 2148 tamilla
715 2085 866 2166 exciperet
895 2103 915 2146 a
943 2081 1101 2146 clientibus
1123 2078 1239 2142 domum
1260 2076 1318 2142 tle·

239 2163 373 2242 ductum,
394 2169 482 2234 simul
502 2188 574 2235 reru
595 2171 698 2236 titulos
722 2171 882 2254 epulisque
910 2177 1045 2248 recepta,
1070 2165 1176 2247 quihus
1205 2165 1317 2227 atrium

241 2260 272 2314 at
291 2253 441 2317 vestibula
460 2265 592 2320 ornaret
636 2256 683 2321 ct.
702 2257 751 2324 El.
772 2257 825 2334 111,
844 2259 876 2332 9,
897 2257 949 2319 25.
970 2250 1105 2316 Pila-N.
1127 2251 1165 2315 II.
1186 2249 1317 2326 XXXV,

240 2341 272 2400 2.
293 2338 358 2402 Lis.
380 2339 419 2415 X,
441 2345 473 2405 7.
497 2341 664 2419 XXXVIII,
684 2347 738 2416 43,
760 2347 811 2406 11.
839 2341 963 2404 Suetnu.
982 2339 1095 2404 Neron.
1112 2339 1170 2400 58.
1193 2335 1317 2400 Dissen.

240 2421 282 2486 ati
303 2422 416 2489 Tibull.
437 2426 461 2502 1,
486 2431 513 2503 l,
535 2429 587 2492 54.
607 2427 695 2510 Virg.
716 2431 792 2492 hen.
813 2427 876 2503 vll,
900 2429 972 2491 183.
993 2425 1031 2499 11,
1053 2426 1127 2489 504.
1177 2421 1316 2496 Sapilia-

240 2509 305 2573 rius
329 2509 367 2573 tis
391 2511 489 2576 ianuis
517 2521 609 2577 teter.
639 2531 666 2576 c.
694 2519 746 2578 29.
773 2515 806 2575 iu
833 2515 980 2578 Theseus.
1010 2511 1117 2574 Graes.
1147 2506 1184 2570 Τ.
1206 2506 1259 2570 vl.
1282 2527 1317 2590 p.

142 2631 147 2646 ι
240 2597 316 2659 hou.
358 2595 392 2658 In
423 2599 570 2663 vestibula
595 2601 682 2662 etiam
712 2599 878 2664 substitisse
901 2596 1065 2680 quadrIgas
1084 2601 1318 2656 consentaneum

240 2688 302 2754 est,
320 2680 423 2763 ibique
442 2683 522 2749 inter
543 2693 645 2750 cetera
662 2685 804 2768 triumphi
824 2694 1026 2759 monumenta,
1055 2682 1161 2762 quibus
1187 2678 1320 2744 iruntenn

240 2764 362 2829 aedium
387 2767 532 2834 decorare
559 2771 712 2847 solebant,
741 2773 773 2834 iu
801 2780 973 2854 perpetuam
1000 2769 1047 2830 rei
1066 2765 1237 2829 memoriam
1264 2783 1320 2829 ra·

170 2917 174 2922 .
238 2854 395 2918 mansites.
438 2856 514 2920 IIinc
533 2857 628 2938 igitur
646 2859 845 2939 Interpretare
866 2875 895 2922 ι.
918 2859 968 2919 3.=
996 2852 1107 2916 cuius
1135 2851 1319 2917 inaurati

240 2938 500 3007 celebrarunt
520 2943 656 3006 limina
677 2961 814 3016 currus
838 2943 908 3006 call.
931 2941 1031 3004 quen.
1053 2939 1118 3002 Sat.
1139 2939 1202 3013 VII,
1224 2938 1321 3003 liba
1408 2941 1409 3030 ι

240 3025 335 3090 liuius
357 3028 434 3091 enirn
451 3039 510 3093 stet
531 3047 636 3093 currus
658 3047 785 3096 aeneus:
814 3028 867 3091 alti
888 3023 1155 3105 Quadriinges
1182 3025 1221 3086 iu
1248 3041 1319 3088 re·
1408 3033 1409 3080 ι

151 3141 155 3148 ·
242 3112 402 3176 stibulo.
447 3115 630 3198 Quamquam
650 3124 680 3178 et
701 3117 749 3179 hic
770 3112 894 3196 etapud
915 3120 1033 3194 paetum
1053 3111 1230 3191 Aquinatem
1252 3117 1318 3172 sta-

241 3205 314 3260 tuas·
338 3199 531 3282 triumphales
557 3203 588 3264 in
615 3201 779 3282 particibus
801 3199 939 3262 venabuli
959 3197 1030 3278 poni
1053 3195 1157 3258 salitas
1181 3195 1317 3276 intelligi

244 3299 337 3364 passe
358 3300 417 3346 nan
438 3285 567 3349 inicitur.
609 3285 656 3350 Ile
677 3287 725 3349 his
746 3304 773 3349 ι.
787 3283 865 3348 Plin.
886 3281 924 3347 tt.
937 3281 974 3345 ll.
988 3281 1124 3358 xxxlv,
1149 3284 1199 3345 10.
1243 3282 1317 3344 Li·

241 3369 352 3433 minis
372 3371 467 3451 igitur
479 3371 598 3436 nomine
613 3373 702 3435 etiam
717 3368 893 3435 nestibulum
913 3367 1061 3448 siguificat
1083 3376 1114 3430 et
1129 3367 1201 3431 luca
1219 3367 1318 3432 limini

238 3455 392 3540 proxima,
422 3467 456 3522 ut
479 3459 564 3538 virg.
585 3460 660 3520 hen.
679 3457 718 3531 II,
747 3459 838 3521 ete:
859 3452 1105 3520 Vestibulum
1125 3463 1196 3518 aute
1219 3455 1319 3536 ipsum

240 3541 427 3624 primoque
448 3544 479 3607 in
498 3541 647 3620 limine,
668 3541 739 3606 eall.
767 3541 819 3618 VI,
840 3543 914 3605 575.
934 3539 1061 3606 Varrnn.
1084 3557 1134 3620 ap.
1162 3539 1249 3604 Seru.
1278 3537 1321 3602 ati

241 3627 317 3690 Aen.
343 3627 395 3706 VI,
419 3635 492 3696 275.
546 3627 644 3692 Patra
673 3629 724 3710 qui
758 3646 786 3692 ι.
814 3628 846 3690 4.
874 3633 1138 3689 commemorantur
1167 3625 1320 3707 captiti

242 3711 459 3795 supplices,
478 3733 538 3780 nan
558 3731 647 3796 reges
669 3721 736 3776 sunt
755 3713 899 3789 catenati,
918 3708 972 3774 sed
994 3713 1045 3794 qui
1066 3729 1104 3775 ex
1124 3711 1242 3792 praeda
1262 3713 1320 3774 im·

240 3801 377 3880 peratnri
404 3802 455 3870 rel
480 3809 563 3865 same
593 3807 770 3873 euenerant,
802 3798 852 3862 rel
886 3797 940 3860 sub
970 3813 1086 3879 corana
1115 3799 1204 3880 empti
1233 3805 1320 3862 erent

242 3881 324 3966 (hir.
346 3885 398 3966 VI,
419 3892 450 3954 t.
470 3884 599 3972 Appiam.
629 3885 701 3949 bell.
722 3883 858 3950 Mithricl.
885 3902 918 3966 p.
938 3885 1011 3948 253.
1033 3901 1058 3948 a.
1078 3881 1153 3962 ba).
1195 3883 1236 3949 ili
1256 3886 1320 3964 igi·

242 3975 294 4032 tur
313 3980 383 4036 ante
403 3971 493 4037 limen
508 3973 650 4055 prostrati
675 3969 776 4035 sedem
794 3969 865 4036 uari
887 3969 999 4032 unnim
1017 3985 1151 4052 suaeque
1165 3971 1319 4036 seruitutis

227 4053 321 4120 iuter
341 4057 480 4123 lacnmss
507 4057 685 4124 adorabant.

341 4161 370 4212 t.
392 4149 425 4214 2.
467 4143 641 4230 'l'srpcia
661 4139 865 4229 pudicitia
886 4155 965 4226 quae
984 4137 1039 4222 sil,
1057 4137 1168 4206 sactu
1189 4139 1320 4213 alliis·
