2812 4918
279 335 360 420 tob
609 331 926 404 Commentariuoin
952 333 1050 423 Prup.

280 527 433 574 earnes
453 507 547 574 tibiae
567 509 747 590 eutuparari,
768 508 828 572 iam
848 508 944 591 ipanm
966 507 1088 574 uerbum
1106 509 1231 572 libare
1248 506 1313 570 duret

281 597 330 662 lta
348 605 479 678 utroque
500 611 612 676 genere
632 596 801 660 accuratius
829 593 968 658 diximus·
984 612 1088 659 nonna.
1120 597 1171 670 111,
1192 599 1218 670 t,
1235 597 1260 658 3.
1279 593 1313 668 ili,

283 687 315 761 8,
338 693 414 748 erte.
438 689 469 745 et
489 699 566 764 qnae
585 681 721 764 proxime
739 679 778 746 sd
797 699 860 744 ren
882 692 1013 744 nostram
1033 681 1153 756 iaciunt,
1171 679 1208 744 ad
1226 679 1263 742 ot
1281 679 1314 752 li,

283 773 314 846 1,
327 772 381 836 59.
426 767 490 830 iioo
509 777 607 830 tamen
628 768 765 830 eximium
783 777 837 844 est,
859 767 940 847 qnod
959 785 997 830 ne
1019 770 1238 849 metaphora
1254 781 1315 846 pror·

279 873 332 918 sna
353 856 385 918 in
406 853 584 932 allegoriam
607 864 637 917 at
666 854 805 934 neuim
829 853 935 929 abeat,
960 855 1159 934 proprium
1186 869 1237 916 uno
1260 859 1316 912 eene

280 940 373 1005 uerbo
394 939 559 1014 indicatur,
586 939 735 1020 reliquam
753 956 858 1003 reraus
887 947 1001 1020 partem
1025 940 1170 1005 translata
1189 939 1315 1001 obtineant

280 1025 369 1104 Quod
391 1024 504 1107 duplici
526 1023 614 1089 modo
628 1024 693 1088 beri
714 1042 803 1106 posse
818 1035 952 1108 apparet,
974 1041 1039 1088 uum
1053 1017 1316 1106 subvertentibus

280 1111 366 1189 οἱον)
385 1113 540 1194 proprium
562 1111 617 1188 sit,
643 1129 751 1174 nomen
776 1113 968 1187 translatum,
994 1121 1047 1176 ant
1068 1122 1181 1177 eontra.
1220 1107 1317 1172 Alterius

280 1199 409 1262 rationis
445 1197 610 1280 exemplum
644 1200 676 1262 iu
703 1197 807 1262 eodem
837 1207 1011 1280 argumento
1041 1198 1121 1282 apnd
1150 1199 1230 1262 Pers.
1260 1190 1317 1257 Prot

283 1288 336 1350 ts.
356 1301 420 1366 ηομ

492 1387 592 1440 Carnos
609 1395 704 1454 portu
720 1395 746 1440 at
762 1388 883 1455 poetriae
895 1388 972 1454 picus

491 1457 645 1508 Gootore
662 1458 755 1510 σπάσα
773 1457 976 1523 reponsum
991 1458 1152 1508 aecius·-

281 1555 339 1624 pro
361 1554 420 1620 pun
441 1539 579 1620 protento
600 1557 658 1603 non
680 1541 806 1623 ampiiua
828 1540 894 1614 erit,
916 1541 968 1620 qui
989 1538 1077 1603 uodd.
1100 1536 1267 1601 deteriorum
1282 1544 1320 1608 opt

280 1625 447 1693 Monere
469 1636 612 1708 reponat,
640 1626 668 1687 ai
688 1627 763 1690 baeu
786 1624 923 1708 exanpia
949 1625 1125 1689 contulerit:
1156 1623 1273 1714 Antipat
1288 1615 1320 1676 Si·

281 1709 353 1776 don.
374 1711 495 1776 LXXV.
514 1711 611 1788 duali
630 1711 683 1774 Br.
706 1712 743 1777 Τ.
765 1711 802 1776 11.
823 1730 855 1793 p.
879 1715 928 1774 2i‘a
948 1713 1037 1774 Anti.
1060 1711 1165 1774 Graec.
1187 1707 1224 1772 11.
1239 1725 1264 1788 p.
1282 1705 1320 1764 tt:

220 1811 223 1822 ’
282 1781 311 1880 ᾧ
333 1789 373 1860 σὺ
396 1791 608 1874 patiatur
628 1787 758 1880 piu'ppioa’
779 1787 958 1878 ἆνεκροὺου
978 1792 1130 1879 νέκταρ
1152 1785 1320 1876 ἐναρμόνιον.

279 1883 417 1961 Moteag.
437 1883 461 1958 1,
482 1901 509 1948 r.
527 1887 578 1948 35.
601 1882 702 1946 Anuli.
724 1883 776 1947 Br.
793 1883 831 1946 T.
848 1881 873 1946 1.
895 1901 925 1964 p.
943 1887 986 1944 t.:
1008 1875 1047 1943 τὸ
1067 1877 1128 1959 μὲν
1148 1873 1242 1962 γλυκὺ
1261 1875 1320 1934 κεῖνο

281 1965 468 2050 μέλισμα
488 1963 701 2052 νέκταρος.
744 1969 792 2032 Ex
810 1968 928 2031 Latinis
948 1983 1021 2030 nero
1048 1967 1146 2030 Piaut.
1168 1965 1252 2027 Poeu.
1270 1960 1321 2034 Li.

284 2059 376 2120 ttae
405 2054 528 2118 mulsa
557 2054 675 2134 loqui.
720 2055 783 2118 Neo
811 2071 883 2116 uero
911 2071 1035 2136 prorsus
1061 2063 1130 2136 apte
1156 2049 1269 2114 Pindar.
1290 2041 1321 2105 bi

280 2141 348 2217 v11,
371 2143 423 2203 12.
444 2158 490 2220 aq.
519 2137 648 2204 Tbeuer.
679 2139 767 2221 idyll.
787 2139 852 2213 vlt,
873 2141 926 2203 82.
969 2137 1087 2202 Nestor.
1109 2135 1237 2202 Larand.
1254 2127 1321 2195 duab

282 2225 336 2290 Br.
355 2224 393 2290 ii.
416 2242 445 2306 p.
468 2229 542 2288 stt.
571 2225 715 2288 Martiam.
746 2225 863 2309 Capeti.
885 2225 939 2288 IX.
966 2225 1090 2306 Honest.
1116 2223 1215 2286 Anuli.
1241 2221 1282 2282 Br.
1298 2213 1321 2274 il·

281 2329 313 2396 p.
336 2314 410 2378 289.
436 2311 494 2392 Ep.
520 2311 573 2374 lii.
594 2312 767 2387 numerant,
805 2312 943 2391 quondm
973 2328 1034 2374 non
1061 2312 1092 2373 in
1123 2326 1161 2371 eo
1189 2302 1322 2372 didieuitao

284 2395 366 2480 quod
389 2399 520 2462 earmina
539 2413 604 2460 eum
626 2407 748 2460 nectare
763 2407 982 2478 comparantur,
1004 2394 1057 2458 sed
1079 2393 1160 2476 quod
1181 2392 1266 2458 simile
1281 2402 1322 2447 uun

281 2483 408 2568 proprio
437 2499 473 2546 eo
508 2499 567 2563 quo
598 2481 723 2546 diximus
758 2481 845 2546 modo
883 2485 1030 2546 misectur.
1093 2481 1223 2543 Alterius
1255 2483 1322 2536 anton

283 2570 411 2634 rationis
443 2567 609 2650 exemplum
635 2567 820 2648 splendidum
850 2568 928 2650 apud
950 2567 1110 2630 Pindarum
1135 2577 1181 2628 est
1202 2563 1274 2627 Nen-
1289 2554 1322 2624 lii.

285 2659 338 2758 iii.
352 2673 419 2754 oqq3
428 2675 436 2718 t
458 2645 624 2736 tyni-odda
642 2673 696 2718 τοι
715 2651 839 2756 ardunae
861 2674 885 2731 μ
889 2673 940 2755 μμ
941 2649 1041 2800 μμμμὲ
1048 2671 1115 2754 νομ
1136 2647 1229 2730 μέλι
1247 2637 1322 2748 2⁸1th

284 2729 956 2908 bbttittbptbbtttibb
978 2747 1322 2908 aiibiiufiriii

284 2913 385 2977 laeum
406 2909 560 2975 addideris
579 2911 636 2990 Ep.
654 2911 691 2975 V.
711 2908 811 2973 Anall.
833 2909 886 2973 Br.
908 2909 946 2971 Τ.
968 2908 992 2972 Ι.
1013 2927 1043 2990 p.
1064 2911 1138 2972 486.
1163 2909 1212 2989 qui
1231 2907 1288 2968 itan
1303 2913 1321 2956 tt

283 2997 418 3076 tibiis,
443 2995 530 3097 quasi
559 3004 716 3060 enatare
742 2997 831 3058 flatus
860 3013 926 3057 oum
950 3011 1023 3058 rone
1044 2981 1322 3070 ennuntistenpenti

284 3083 395 3154 dicita,
424 3098 603 3164 σνμφωνον
648 3075 830 3162 μαλακοῖσι
863 3075 1185 3165 κερασσάμενος
1219 3067 1322 3158 θρόον

285 3157 445 3242 αὐλοῖς,
464 3185 524 3230 nou
539 3167 666 3248 amplius
689 3167 854 3240 dubitabis,
873 3166 944 3247 quin
966 3165 1015 3228 hie
1032 3165 1144 3246 ipoae
1170 3163 1280 3229 tibiae
1296 3182 1322 3198 ⁶

284 3253 371 3318 uadi
393 3253 600 3332 Mygdonii
620 3255 641 3316 i.
661 3270 688 3316 a.
709 3251 877 3332 Phrygii
896 3251 1041 3324 dieantur,
1062 3250 1220 3330 exquibus
1236 3253 1322 3334 earne!

285 3341 374 3420 qnasi
395 3357 533 3402 merum
563 3339 595 3400 in
621 3355 690 3399 aros
719 3337 869 3400 fundatur.
913 3337 1076 3416 Ingeniosa
1097 3345 1195 3398 autern
1213 3333 1322 3400 viserunt

242 3505 246 3516 ι
286 3426 459 3490 ooniauturu
486 3433 532 3488 est
557 3421 952 3498 (Mus.Pio-Gl.T.V11.
987 3439 1016 3504 p.
1042 3425 1091 3484 tu.
1122 3411 1322 3502 interponit

285 3521 394 3591 poetae
417 3511 514 3573 auimo
537 3506 692 3572 doliola
718 3508 775 3571 iila
802 3509 884 3572 tibiis
910 3507 988 3572 baud
1007 3505 1175 3590 ,dissimilia
1202 3503 1322 3569 obuersait

287 3612 365 3669 esse,
391 3614 516 3677 quorum
539 3593 676 3676 exempla
696 3593 767 3658 uoii.
790 3595 929 3658 Strabou.
952 3595 987 3658 V.
1015 3612 1046 3675 p.
1070 3594 1139 3656 151.
1162 3593 1234 3657 Piis.
1253 3585 1282 3648 ii.
1297 3577 1320 3640 fl·

286 3677 368 3754 XIV,
389 3685 442 3746 27.
463 3682 521 3745 duo
543 3682 670 3763 profert
713 3681 789 3744 Hine
810 3678 1035 3762 Mygdoniis
1057 3677 1195 3754 modis,
1214 3673 1321 3762 itdornn

286 3763 452 3842 inuentum,
482 3770 508 3830 si
530 3785 585 3849 pro
606 3767 855 3846 interpretatione
875 3767 1003 3840 babeas,
1028 3763 1182 3828 ferendum
1202 3777 1271 3832 ease,
1291 3765 1320 3812 on

287 3865 343 3930 pro
360 3849 564 3915 emendatione
578 3855 666 3916 nubis
682 3853 866 3925 obtrudatur,
888 3850 936 3914 rel
958 3852 1050 3914 iureis
1067 3847 1260 3931 expellendum
1277 3847 1320 3900 οὔθ

287 3945 423 4016 apparet.
445 3935 489 4000 Ne
506 3938 599 4002 muita
614 3971 654 3984 -
671 3956 747 4018 qnae
758 3937 939 4000 nostratibus
953 3936 1172 4000 durorideatur
1186 3943 1213 3998 et
1224 3925 1320 3993 insolens

287 4019 473 4101 metaphora,
494 4042 531 4086 ea
549 4023 699 4088 ueteribus
718 4026 761 4088 ita
780 4023 938 4088 familiaris
958 4032 1039 4098 erat,
1060 4030 1092 4084 ut
1113 4022 1174 4084 ulia
1197 4015 1286 4108 addito
1297 4003 1320 4064 fi·

288 4119 368 4183 gura
394 4105 500 4187 ipsos
529 4111 768 4191 aoriptores,
796 4125 856 4172 non
883 4107 971 4171 modo
993 4109 1139 4181 earmina,
1164 4103 1319 4186 quasirttt

288 4189 446 4254 infundi
467 4193 573 4257 Persio
595 4195 702 4260 liceret
729 4197 852 4275 dingere.
895 4195 960 4258 Sat.
981 4195 1011 4270 1,
1040 4197 1107 4258 tto:
1135 4191 1208 4256 Hos
1227 4185 1257 4264 (i.
1274 4179 1320 4244 Pt-

289 4277 455 4358 eunium,
472 4281 723 4364 Aoniamque)
749 4281 887 4366 pueris
907 4291 1009 4366 patres
1035 4277 1235 4344 infundere
1253 4269 1320 4350 lippos
