2912 4920
391 441 394 446 .
503 381 600 475 Eleg.
616 382 677 471 lll,
693 388 747 454 20.
820 402 826 415 ⁸
1096 384 1176 464 367
1207 477 1210 491 Ι

101 575 222 640 cunque
239 555 327 621 molo
349 557 435 621 nobis
456 569 575 623 seruata
597 568 651 625 est.
694 533 767 623 llam
790 565 904 622 noctem
926 555 1174 638 vigilantiam,

101 645 181 727 quod
198 645 309 725 reliqui
331 646 479 721 exhibent,
502 664 566 708 eam
589 663 665 722 esse,
692 665 747 728 per
767 664 853 727 quam
873 645 996 727 „puella
1016 665 1036 707 a
1057 644 1173 726 perfido

101 740 234 795 amatore
254 731 374 794 ‹leserta
400 731 553 794 insomniis
581 731 760 808 crucietur“,
789 733 855 813 quis
883 749 1010 816 uuquam
1033 729 1174 796 evincet?

83 818 175 882 ,man
196 816 381 900 pertidia
408 827 437 880 et
459 816 636 880 solitudo
665 827 695 882 et
727 817 925 882 cruciatus
960 817 1037 880 unde
1058 826 1174 898 sumpta

102 904 170 980 sint,
190 919 274 978 nemo
297 905 489 984 interpretum
507 904 699 969 demonstrat.
750 903 859 980 Quidni
888 919 960 967 uero
983 905 1070 968 etiam
1092 904 1174 966 bila·

100 991 292 1070 res·rigilias
322 990 401 1052 inter
422 999 504 1052 serta
534 998 563 1051 st
583 990 694 1071 pocula
714 990 902 1069 cogitemus?
946 987 1059 1052 Contra
1088 991 1175 1053 rio·

100 1075 217 1138 landa
238 1093 308 1138 nox
331 1077 365 1151 (i.
387 1092 414 1137 e.
437 1077 532 1139 sancti
555 1077 712 1139 amantium
733 1085 892 1140 conuentus
914 1083 944 1138 et
965 1074 1092 1138 foedera
1108 1077 1174 1138 nio·

99 1161 185 1242 lata)¹
197 1170 228 1225 et
248 1161 286 1224 aul
308 1162 480 1224 sententiam
503 1163 612 1242 optime
633 1162 732 1239 babet,
754 1161 1028 1226 elaborationem
1050 1161 1174 1241 elegan-

100 1249 160 1312 tius
181 1259 235 1311 est
282 1247 328 1310 De
354 1266 407 1310 asu
430 1249 505 1310 euim
528 1249 680 1330 participii
701 1250 753 1312 int.
777 1267 857 1330 pass.
880 1265 935 1330 pro
965 1248 1175 1328 praesenti

100 1333 261 1397 infinito
287 1334 378 1416 positi
406 1343 474 1415 post
501 1336 722 1412 sagacissimam
744 1335 850 1397 llaasil
876 1335 1088 1414 expositionem
1119 1330 1175 1412 (aul

101 1419 217 1500 Reisig.
240 1419 366 1484 Gramm.
387 1419 456 1484 Lat.
478 1438 508 1504 p.
529 1424 593 1485 716
605 1439 670 1504 sqq.
692 1441 722 1486 m.
743 1421 834 1502 580.)
856 1421 982 1504 amplius
1001 1419 1103 1483 (licere
1123 1439 1176 1483 su-

102 1523 279 1588 peruacuum
302 1506 447 1571 existimo.
1090 1578 1092 1585 ‚

202 1610 230 1655 r.
253 1595 306 1655 23.
327 1609 411 1655 nox.
454 1589 554 1672 Vulgo
585 1610 623 1655 ex
649 1591 754 1656 oorliee
779 1591 937 1656 Colotiano
966 1601 996 1656 et
1021 1591 1174 1658 Vaticanis

104 1675 234 1740 duobos:
262 1694 354 1741 mox„
407 1676 467 1740 Sed
491 1679 600 1760 optime
621 1678 766 1742 lacobus:
797 1680 931 1756 „Quibus
953 1677 1093 1753 libido,
1114 1697 1174 1741 uon

101 1763 267 1827 foedera
285 1763 359 1840 flua,
384 1763 509 1846 imponit
527 1765 660 1840 uincula,
681 1765 719 1827 iis
739 1782 814 1840 nox,
837 1767 921 1826 unius
944 1764 1056 1844 gaudia
1077 1765 1174 1827 noctis

9 1857 10 1862 ’
103 1853 256 1926 exhauste,
275 1850 394 1913 uincula
415 1850 515 1913 soluit.
558 1851 624 1928 Quo
645 1851 717 1914 nibil
740 1859 837 1934 potest
858 1849 917 1914 diei
940 1852 1075 1913 melius.“
1118 1852 1173 1914 Ni·

9 1943 10 1953 ’
101 1937 146 1999 bil
167 1935 255 2011 addo,
279 1937 346 2010 nisi,
375 1945 407 1999 ut
429 1935 466 1999 tle
486 1935 587 1999 uerbis
610 1936 653 1999 sie
672 1941 727 2018 per
749 1937 948 1999 mutuaberis
968 1938 1003 2014 Q.
1026 1937 1061 1998 P.
1082 1935 1120 2010 ll,
1143 1941 1174 2000 o.

9 2029 11 2104 ᾗ
100 2041 132 2104 p.
156 2027 228 2085 122.
254 2022 363 2096 auleas3
397 2020 434 2084 ie
463 2023 610 2086 sententia
634 2041 706 2088 uero
730 2024 1004 2106 interpretationem
1042 2032 1175 2086 nostram

9 2177 12 2204 ζ
98 2118 208 2190 poetae
231 2108 443 2171 Germanicam.

203 2212 231 2257 r.
252 2199 303 2258 rt.
327 2195 466 2257 omina.
509 2169 607 2274 Vulgo
622 2195 752 2258 scribunt
774 2193 910 2272 omniu,
932 2210 996 2256 cum
1017 2191 1104 2256 could.
1119 2196 1175 2256 au'·
1205 2167 1209 2171 ’

9 2273 12 2284 ’
100 2281 225 2345 ctoritas
247 2279 277 2342 im
298 2281 343 2342 luis
366 2281 464 2343 uerbis
487 2279 570 2343 nulla
591 2281 639 2343 sit.
682 2279 768 2359 Quod
790 2291 886 2343 euntem
907 2281 1033 2343 Iacobus
1055 2289 1175 2362 poetam

9 2383 11 2444 j
100 2367 234 2430 malum
256 2383 361 2428 omen
384 2365 610 2450 superioris
631 2383 767 2430 versus
789 2365 946 2448 deprecari
963 2375 1073 2442 censet,
1093 2365 1175 2429 baud

9 2457 12 2470 ¹
98 2470 224 2536 prorsus
243 2451 320 2514 illurl
342 2462 433 2516 recte.
483 2451 612 2515 Prima
643 2453 719 2514 enim
742 2453 867 2515 omina
887 2461 918 2514 ut
946 2451 1064 2515 liulem
1087 2470 1175 2534 mam

9 2611 12 2650 l

9 2700 13 2738 l

9 2529 13 2562 ³
99 2539 292 2622 promiserint
318 2539 496 2612 contineant,
523 2545 672 2619 precatur.
720 2538 825 2620 ltaque
856 2537 936 2601 iusta
957 2547 987 2601 et
1016 2538 1099 2600 laeta
1121 2557 1175 2600 au-

99 2627 204 2708 spicia,
221 2642 299 2707 quae
319 2642 356 2687 co
372 2641 466 2707 usque
488 2623 623 2688 errotis
645 2627 798 2699 cesserint,
820 2641 956 2705 quaeque
977 2633 1065 2686 nocte
1087 2625 1175 2686 etiam

98 2715 229 2775 instante
251 2711 383 2793 propitia
405 2710 535 2773 affutura
554 2719 670 2791 speret,
698 2729 736 2774 ue
758 2720 861 2773 euentu
884 2709 1039 2772 mendacia
1058 2707 1176 2784 cedant,

9 2787 12 2826 ³
98 2807 194 2880 optat.
239 2797 413 2860 Simillimus
435 2795 519 2858 locus
536 2804 565 2858 et
583 2797 613 2856 in
632 2797 905 2878 interpretationem
927 2796 1022 2858 nostri
1035 2795 1116 2858 uelut
1136 2794 1175 2856 rle

94 2882 246 2949 industria
268 2891 455 2966 comparatos
477 2880 637 2946 Claudiani
656 2889 711 2958 est,
739 2881 777 2946 ule
799 2881 899 2964 Rapta
914 2881 1115 2970 Proserpinae
1135 2879 1175 2960 ll,

9 2959 14 3000 *
97 2973 311 3036 soa-eos:
978 3019 987 3052 ,

202 3080 315 3131 menuae
329 3079 357 3131 io
375 3078 518 3130 tbalcntnm
534 3077 625 3144 uiroc:
642 3085 699 3132 rtet
716 3077 836 3146 prestabo
853 3077 930 3130 irato
955 3054 963 3070 ⁴

202 3147 400 3200 stellantes
419 3148 500 3199 Nom
514 3149 607 3213 picto
627 3149 745 3199 since.-
764 3154 921 3214 tangensque
932 3143 1022 3216 ,cubile

206 3217 323 3268 Omitto
341 3222 508 3283 perpetuo
524 3217 700 3284 genitalia
716 3216 822 3282 forden
837 3219 970 3269 sonmit.

9 3313 14 3348 ·”
92 3313 164 3378 Hoc
193 3313 280 3374 etiem
305 3312 520 3393 insequentium
548 3330 686 3375 uersuum
714 3313 792 3376 ratio
811 3311 981 3386 confirmat,
1009 3308 1115 3390 quibus
1135 3325 1174 3372 ne

9 3403 11 3434 :
92 3401 245 3464 alteruter
273 3399 484 3479 paciscentium
513 3399 610 3462 sciens
639 3397 709 3462 (lolo
738 3397 817 3460 malo
846 3398 934 3463 irrita
960 3394 1067 3460 reddat
1092 3395 1175 3460 iura·

9 3507 12 3522 ’
92 3494 199 3551 menta
214 3517 253 3530 -
270 3485 337 3548 bino
360 3483 462 3564 Ergo
475 3523 528 3562 -,
544 3485 650 3549 mutuis
665 3485 924 3566 imprecationibus
939 3483 1039 3547 careri
1052 3481 1143 3546 iubet.

200 3573 304 3635 aab.
333 3567 467 3653 pactas
497 3589 596 3636 eras.
622 3569 811 3634 Lachmamno
841 3590 927 3635 aras
955 3569 1079 3650 rumpi
1100 3569 1176 3631 mire

93 3655 209 3721 dicrum
230 3657 356 3735 ridetur,
383 3657 511 3739 ideoque
532 3657 720 3722 tolerabilius
741 3665 878 3739 pactas
907 3674 1016 3730 aras,
1044 3651 1124 3736 quod
1143 3655 1174 3718 in

93 3742 189 3807 libris
211 3743 330 3825 scriptia
356 3753 410 3820 est,
440 3762 526 3825 quum
556 3743 636 3825 quod
663 3744 694 3806 in
717 3755 771 3807 suso
794 3741 861 3805 eorl.
884 3741 1071 3805 Passeratius
1092 3742 1176 3804 inre-

92 3838 187 3892 nerat
208 3839 333 3892 tactas
353 3847 453 3903 aras,
475 3847 540 3892 esse
554 3837 672 3904 ,censet
693 3831 765 3911 quia
786 3829 891 3892 saltem
913 3839 1031 3910 paete
1052 3827 1176 3908 rumpi

89 3915 207 3979 Latine
235 3914 360 3978 dicatur.
402 3915 469 3978 Nou
499 3917 599 3997 placet
619 3917 678 4003 ista
706 3916 935 3996 argumentatio.
979 3913 1054 3978 llam
1081 3931 1174 3976 aras

90 4018 288 4082 rumpere,
318 4001 361 4064 sic
384 4017 487 4063 crassa
507 4004 645 4066 Minerua
667 4003 861 4077 coniunctum,
890 4017 1076 4083 nequaquem
1098 3999 1176 4062 ferri

89 4087 190 4170 pos'se
218 4096 312 4168 patet.
356 4085 468 4150 Contra
496 4095 625 4151 tectae
648 4106 761 4166 aree,
789 4087 983 4150 iurisiurandi
1003 4086 1175 4164 insigne,

90 4189 157 4257 pro
179 4173 247 4254 ipso
269 4174 483 4236 iuramento
506 4176 633 4255 positum
655 4173 686 4236 in
701 4175 859 4255 Propertio
872 4192 968 4256 paene
988 4173 1113 4252 uulgare
1128 4171 1174 4236 ui·

90 4261 216 4336 aleator,
239 4259 264 4320 si
287 4278 364 4341 qnae
388 4259 424 4321 de
446 4259 502 4321 boc
521 4261 713 4340 metonymice
727 4279 840 4338 genere
853 4261 888 4338 Q.
902 4260 936 4324 P.
953 4259 990 4335 ll,
1006 4263 1037 4323 u.
1053 4277 1082 4338 p.
1100 4261 1172 4324 151.

87 4346 147 4410 rel
169 4347 337 4410 accuratius
361 4347 449 4411 etiam
469 4344 542 4410 ibid.
563 4365 595 4430 p.
619 4349 692 4412 155.
706 4359 782 4413 extr.
798 4357 828 4412 et
840 4365 887 4431 sq.
916 4344 956 4410 aul
976 4343 1124 4424 El.11,r,
1141 4345 1173 4410 6.
