<?xml version="1.0" encoding="UTF-8"?>
<!DOCTYPE html PUBLIC "-//W3C//DTD XHTML 1.0 Transitional//EN"
    "http://www.w3.org/TR/xhtml1/DTD/xhtml1-transitional.dtd">
<html xmlns="http://www.w3.org/1999/xhtml" xml:lang="en" lang="en">
 <head>
  <title>
</title>
<meta http-equiv="Content-Type" content="text/html;charset=utf-8" />
  <meta name='ocr-system' content='tesseract 3.04.00' />
  <meta name='ocr-capabilities' content='ocr_page ocr_carea ocr_par ocr_line ocrx_word'/>
</head>
<body>
  <div class='ocr_page' id='page_1' title='image "./sexaureliiprope03propgoog_0464.png"; bbox 0 0 2812 4918; ppageno 0'>
   <div class='ocr_carea' id='block_1_1' title="bbox 228 369 984 460">
    <p class='ocr_par' dir='ltr' id='par_1_1' title="bbox 228 369 984 460">
     <span class='ocr_line' id='line_1_1' title="bbox 228 369 984 460; baseline -0.007 -17"><span class='ocrx_word' id='word_1_1' title='bbox 228 375 308 460; x_wconf 71' lang='lat'>456</span> <span class='ocrx_word' id='word_1_2' title='bbox 544 369 806 442; x_wconf 76' lang='lat' dir='ltr'>Commeuterius</span> <span class='ocrx_word' id='word_1_3' title='bbox 826 373 862 440; x_wconf 87' lang='lat' dir='ltr'>iu</span> <span class='ocrx_word' id='word_1_4' title='bbox 886 369 984 459; x_wconf 74' lang='lat' dir='ltr'>Pr&#39;op.</span> 
     </span>
    </p>
   </div>
   <div class='ocr_carea' id='block_1_2' title="bbox 235 513 1364 624">
    <p class='ocr_par' dir='ltr' id='par_1_2' title="bbox 235 513 1364 624">
     <span class='ocr_line' id='line_1_2' title="bbox 235 513 1364 624; baseline -0.005 -15"><span class='ocrx_word' id='word_1_5' title='bbox 235 541 374 616; x_wconf 76' lang='lat' dir='ltr'>nunaut,</span> <span class='ocrx_word' id='word_1_6' title='bbox 394 555 482 622; x_wconf 75' lang='lat' dir='ltr'>qum</span> <span class='ocrx_word' id='word_1_7' title='bbox 499 537 591 604; x_wconf 87' lang='lat' dir='ltr'>ullum</span> <span class='ocrx_word' id='word_1_8' title='bbox 604 549 764 624; x_wconf 78' lang='lat' dir='ltr'>praeterea</span> <span class='ocrx_word' id='word_1_9' title='bbox 779 539 916 604; x_wconf 87' lang='lat' dir='ltr'>alterum.</span> <span class='ocrx_word' id='word_1_10' title='bbox 959 537 1204 604; x_wconf 76' lang='lat' dir='ltr'>Rectelstobns:</span> <span class='ocrx_word' id='word_1_11' title='bbox 1223 540 1291 618; x_wconf 76' lang='lat' dir='ltr'>„lie-</span> <span class='ocrx_word' id='word_1_12' title='bbox 1363 513 1364 528; x_wconf 36' lang='lat'>¹</span> 
     </span>
    </p>
   </div>
   <div class='ocr_carea' id='block_1_3' title="bbox 235 626 1291 882">
    <p class='ocr_par' dir='ltr' id='par_1_3' title="bbox 235 626 1291 882">
     <span class='ocr_line' id='line_1_3' title="bbox 235 626 1291 711; baseline 0 -22"><span class='ocrx_word' id='word_1_13' title='bbox 235 630 311 695; x_wconf 84' lang='lat' dir='ltr'>eitst</span> <span class='ocrx_word' id='word_1_14' title='bbox 332 627 463 711; x_wconf 79' lang='lat' dir='ltr'>pessima</span> <span class='ocrx_word' id='word_1_15' title='bbox 489 645 563 690; x_wconf 86' lang='lat' dir='ltr'>snus</span> <span class='ocrx_word' id='word_1_16' title='bbox 591 629 623 690; x_wconf 90' lang='lat' dir='ltr'>iu</span> <span class='ocrx_word' id='word_1_17' title='bbox 650 629 800 710; x_wconf 78' lang='lat' dir='ltr'>Propertii</span> <span class='ocrx_word' id='word_1_18' title='bbox 828 627 996 690; x_wconf 73' lang='lat' dir='ltr'>irrisionem</span> <span class='ocrx_word' id='word_1_19' title='bbox 1024 626 1095 689; x_wconf 88' lang='lat' dir='ltr'>illos</span> <span class='ocrx_word' id='word_1_20' title='bbox 1123 644 1236 700; x_wconf 87' lang='lat' dir='ltr'>sensns,</span> <span class='ocrx_word' id='word_1_21' title='bbox 1266 635 1291 689; x_wconf 86' lang='lat' dir='ltr'>et</span> 
     </span>
     <span class='ocr_line' id='line_1_4' title="bbox 257 711 1291 796; baseline -0.003 -17"><span class='ocrx_word' id='word_1_22' title='bbox 257 725 427 795; x_wconf 88' lang='lat' dir='ltr'>raeoeptum</span> <span class='ocrx_word' id='word_1_23' title='bbox 448 715 632 794; x_wconf 81' lang='lat' dir='ltr'>subsequens</span> <span class='ocrx_word' id='word_1_24' title='bbox 654 714 699 777; x_wconf 87' lang='lat' dir='ltr'>eis</span> <span class='ocrx_word' id='word_1_25' title='bbox 720 712 866 794; x_wconf 75' lang='lat' dir='ltr'>adiungit,</span> <span class='ocrx_word' id='word_1_26' title='bbox 892 729 930 776; x_wconf 86' lang='lat' dir='ltr'>ex</span> <span class='ocrx_word' id='word_1_27' title='bbox 950 729 984 775; x_wconf 87' lang='lat' dir='ltr'>re</span> <span class='ocrx_word' id='word_1_28' title='bbox 1006 713 1074 794; x_wconf 89' lang='lat' dir='ltr'>ipsa</span> <span class='ocrx_word' id='word_1_29' title='bbox 1095 711 1291 796; x_wconf 86' lang='lat' dir='ltr'>desumptnu.“</span> 
     </span>
     <span class='ocr_line' id='line_1_5' title="bbox 236 735 732 882; baseline -0.002 -18"><span class='ocrx_word' id='word_1_30' title='bbox 236 735 305 870; x_wconf 46' lang='lat' dir='ltr'>xiid.</span> <span class='ocrx_word' id='word_1_31' title='bbox 327 809 486 882; x_wconf 73' lang='lat' dir='ltr'>praeterea</span> <span class='ocrx_word' id='word_1_32' title='bbox 505 815 620 879; x_wconf 77' lang='lat' dir='ltr'>orgum.</span> <span class='ocrx_word' id='word_1_33' title='bbox 640 801 670 863; x_wconf 88' lang='lat' dir='ltr'>l.</span> <span class='ocrx_word' id='word_1_34' title='bbox 692 798 732 863; x_wconf 89' lang='lat' dir='ltr'>el.</span> 
     </span>
    </p>
   </div>
   <div class='ocr_carea' id='block_1_4' title="bbox 237 881 1364 1054">
    <p class='ocr_par' dir='ltr' id='par_1_4' title="bbox 237 881 1364 1054">
     <span class='ocr_line' id='line_1_6' title="bbox 339 881 1364 968; baseline -0.004 -18"><span class='ocrx_word' id='word_1_35' title='bbox 339 903 368 950; x_wconf 82' lang='lat' dir='ltr'>r.</span> <span class='ocrx_word' id='word_1_36' title='bbox 385 887 439 950; x_wconf 80' lang='grc'>68.</span> <span class='ocrx_word' id='word_1_37' title='bbox 459 883 583 948; x_wconf 84' lang='lat' dir='ltr'>istius</span> <span class='ocrx_word' id='word_1_38' title='bbox 602 885 704 960; x_wconf 81' lang='lat' dir='ltr'>iinon,</span> <span class='ocrx_word' id='word_1_39' title='bbox 725 881 805 968; x_wconf 83' lang='lat' dir='ltr'>quod</span> <span class='ocrx_word' id='word_1_40' title='bbox 823 883 925 948; x_wconf 76' lang='lat' dir='ltr'>Iacob.</span> <span class='ocrx_word' id='word_1_41' title='bbox 946 882 1151 965; x_wconf 87' lang='lat' dir='ltr'>praeterridit.</span> <span class='ocrx_word' id='word_1_42' title='bbox 1191 881 1292 946; x_wconf 80' lang='lat' dir='ltr'>lleinds</span> <span class='ocrx_word' id='word_1_43' title='bbox 1363 961 1364 964; x_wconf 8' lang='grc' dir='ltr'><strong>Ἴ</strong></span> 
     </span>
     <span class='ocr_line' id='line_1_7' title="bbox 237 968 1364 1054; baseline -0.004 -18"><span class='ocrx_word' id='word_1_44' title='bbox 237 987 295 1054; x_wconf 93' lang='lat' dir='ltr'>pro</span> <span class='ocrx_word' id='word_1_45' title='bbox 323 989 415 1034; x_wconf 84' lang='lat' dir='ltr'>sore</span> <span class='ocrx_word' id='word_1_46' title='bbox 442 971 544 1036; x_wconf 82' lang='lat' dir='ltr'>neseio</span> <span class='ocrx_word' id='word_1_47' title='bbox 572 971 639 1054; x_wconf 78' lang='lat' dir='ltr'>quis</span> <span class='ocrx_word' id='word_1_48' title='bbox 666 971 760 1034; x_wconf 85' lang='lat' dir='ltr'>italus</span> <span class='ocrx_word' id='word_1_49' title='bbox 786 971 899 1053; x_wconf 91' lang='lat' dir='ltr'>primus</span> <span class='ocrx_word' id='word_1_50' title='bbox 928 980 1017 1033; x_wconf 82' lang='lat' dir='ltr'>erte</span> <span class='ocrx_word' id='word_1_51' title='bbox 1045 968 1172 1034; x_wconf 84' lang='lat' dir='ltr'>dederit</span> <span class='ocrx_word' id='word_1_52' title='bbox 1218 971 1293 1032; x_wconf 84' lang='lat' dir='ltr'>Libri</span> <span class='ocrx_word' id='word_1_53' title='bbox 1363 977 1364 1012; x_wconf 70' lang='lat' dir='ltr'>l</span> 
     </span>
    </p>
   </div>
   <div class='ocr_carea' id='block_1_5' title="bbox 237 1055 1297 1740">
    <p class='ocr_par' dir='ltr' id='par_1_5' title="bbox 237 1055 1296 1568">
     <span class='ocr_line' id='line_1_8' title="bbox 238 1055 1294 1140; baseline -0.002 -20"><span class='ocrx_word' id='word_1_54' title='bbox 238 1057 328 1140; x_wconf 90' lang='lat' dir='ltr'>probi</span> <span class='ocrx_word' id='word_1_55' title='bbox 349 1072 449 1120; x_wconf 88' lang='lat' dir='ltr'>omues</span> <span class='ocrx_word' id='word_1_56' title='bbox 471 1073 580 1133; x_wconf 85' lang='lat' dir='ltr'>aere,</span> <span class='ocrx_word' id='word_1_57' title='bbox 600 1055 759 1140; x_wconf 74' lang='lat' dir='ltr'>quodum</span> <span class='ocrx_word' id='word_1_58' title='bbox 778 1057 905 1138; x_wconf 71' lang='lat' dir='ltr'>argutiis</span> <span class='ocrx_word' id='word_1_59' title='bbox 926 1055 980 1118; x_wconf 87' lang='lat' dir='ltr'>sed</span> <span class='ocrx_word' id='word_1_60' title='bbox 1007 1057 1074 1137; x_wconf 90' lang='lat' dir='ltr'>ipso</span> <span class='ocrx_word' id='word_1_61' title='bbox 1096 1057 1294 1120; x_wconf 87' lang='lat' dir='ltr'>sententiarum</span> 
     </span>
     <span class='ocr_line' id='line_1_9' title="bbox 239 1129 1294 1224; baseline -0.004 -18"><span class='ocrx_word' id='word_1_62' title='bbox 239 1157 318 1206; x_wconf 83' lang='lat' dir='ltr'>nexu</span> <span class='ocrx_word' id='word_1_63' title='bbox 344 1141 507 1206; x_wconf 73' lang='lat' dir='ltr'>detondere</span> <span class='ocrx_word' id='word_1_64' title='bbox 527 1143 648 1207; x_wconf 84' lang='lat' dir='ltr'>Laobm</span> <span class='ocrx_word' id='word_1_65' title='bbox 677 1143 816 1206; x_wconf 86' lang='lat' dir='ltr'>debebat</span> <span class='ocrx_word' id='word_1_66' title='bbox 863 1141 996 1222; x_wconf 70' lang='lat' dir='ltr'>Egregie</span> <span class='ocrx_word' id='word_1_67' title='bbox 1023 1143 1100 1205; x_wconf 86' lang='lat' dir='ltr'>euim</span> <span class='ocrx_word' id='word_1_68' title='bbox 1121 1141 1197 1204; x_wconf 90' lang='lat' dir='ltr'>illud</span> <span class='ocrx_word' id='word_1_69' title='bbox 1217 1129 1294 1224; x_wconf 72' lang='grc' dir='ltr'><strong><em>ἦθος</em></strong></span> 
     </span>
     <span class='ocr_line' id='line_1_10' title="bbox 237 1227 1295 1306; baseline -0.004 -12"><span class='ocrx_word' id='word_1_70' title='bbox 237 1227 336 1294; x_wconf 85' lang='lat' dir='ltr'>lenam</span> <span class='ocrx_word' id='word_1_71' title='bbox 365 1228 467 1303; x_wconf 79' lang='lat' dir='ltr'>decet,</span> <span class='ocrx_word' id='word_1_72' title='bbox 501 1231 550 1292; x_wconf 86' lang='lat' dir='ltr'>eui</span> <span class='ocrx_word' id='word_1_73' title='bbox 576 1227 675 1292; x_wconf 80' lang='lat' dir='ltr'>nullm</span> <span class='ocrx_word' id='word_1_74' title='bbox 700 1229 759 1292; x_wconf 88' lang='lat' dir='ltr'>uisi</span> <span class='ocrx_word' id='word_1_75' title='bbox 786 1229 896 1291; x_wconf 86' lang='lat' dir='ltr'>seris</span> <span class='ocrx_word' id='word_1_76' title='bbox 930 1245 1019 1290; x_wconf 91' lang='lat' dir='ltr'>sonus</span> <span class='ocrx_word' id='word_1_77' title='bbox 1046 1237 1161 1306; x_wconf 81' lang='lat' dir='ltr'>gratus.</span> <span class='ocrx_word' id='word_1_78' title='bbox 1223 1229 1295 1291; x_wconf 81' lang='lat' dir='ltr'>lires</span> 
     </span>
     <span class='ocr_line' id='line_1_11' title="bbox 238 1313 1295 1396; baseline -0.002 -19"><span class='ocrx_word' id='word_1_79' title='bbox 238 1329 359 1377; x_wconf 76' lang='lat' dir='ltr'>oense</span> <span class='ocrx_word' id='word_1_80' title='bbox 380 1322 425 1377; x_wconf 87' lang='lat' dir='ltr'>est</span> <span class='ocrx_word' id='word_1_81' title='bbox 445 1313 605 1396; x_wconf 73' lang='lat' dir='ltr'>despectae</span> <span class='ocrx_word' id='word_1_82' title='bbox 627 1325 660 1378; x_wconf 89' lang='lat' dir='ltr'>et</span> <span class='ocrx_word' id='word_1_83' title='bbox 677 1315 787 1378; x_wconf 83' lang='lat' dir='ltr'>irrisus</span> <span class='ocrx_word' id='word_1_84' title='bbox 808 1315 893 1378; x_wconf 89' lang='lat' dir='ltr'>artis.</span> <span class='ocrx_word' id='word_1_85' title='bbox 942 1313 1021 1377; x_wconf 83' lang='lat' dir='ltr'>Pron</span> <span class='ocrx_word' id='word_1_86' title='bbox 1039 1315 1096 1377; x_wconf 84' lang='lat' dir='ltr'>bne</span> <span class='ocrx_word' id='word_1_87' title='bbox 1116 1313 1223 1376; x_wconf 87' lang='lat' dir='ltr'>eximin</span> <span class='ocrx_word' id='word_1_88' title='bbox 1251 1330 1295 1375; x_wconf 88' lang='lat' dir='ltr'>an·</span> 
     </span>
     <span class='ocr_line' id='line_1_12' title="bbox 238 1398 1296 1482; baseline -0.002 -18"><span class='ocrx_word' id='word_1_89' title='bbox 238 1401 307 1465; x_wconf 87' lang='lat' dir='ltr'>lore</span> <span class='ocrx_word' id='word_1_90' title='bbox 325 1399 376 1463; x_wconf 84' lang='lat' dir='ltr'>rix</span> <span class='ocrx_word' id='word_1_91' title='bbox 395 1399 455 1463; x_wconf 83' lang='lat' dir='ltr'>diei</span> <span class='ocrx_word' id='word_1_92' title='bbox 472 1409 591 1482; x_wconf 90' lang='lat' dir='ltr'>potest,</span> <span class='ocrx_word' id='word_1_93' title='bbox 618 1411 757 1482; x_wconf 71' lang='lat' dir='ltr'>ruentum</span> <span class='ocrx_word' id='word_1_94' title='bbox 783 1398 924 1464; x_wconf 82' lang='lat' dir='ltr'>alterumr</span> <span class='ocrx_word' id='word_1_95' title='bbox 949 1401 1033 1461; x_wconf 88' lang='lat' dir='ltr'>sine</span> <span class='ocrx_word' id='word_1_96' title='bbox 1060 1408 1146 1464; x_wconf 90' lang='lat' dir='ltr'>arte</span> <span class='ocrx_word' id='word_1_97' title='bbox 1166 1417 1296 1481; x_wconf 83' lang='lat' dir='ltr'>supertr-</span> 
     </span>
     <span class='ocr_line' id='line_1_13' title="bbox 240 1485 1049 1568; baseline -0.002 -18"><span class='ocrx_word' id='word_1_98' title='bbox 240 1503 325 1550; x_wconf 82' lang='lat' dir='ltr'>nsum</span> <span class='ocrx_word' id='word_1_99' title='bbox 347 1485 498 1566; x_wconf 69' lang='lat' dir='ltr'>languent.</span> <span class='ocrx_word' id='word_1_100' title='bbox 540 1485 602 1550; x_wconf 77' lang='lat' dir='ltr'>Sed</span> <span class='ocrx_word' id='word_1_101' title='bbox 627 1487 738 1568; x_wconf 83' lang='lat' dir='ltr'>pluerit</span> <span class='ocrx_word' id='word_1_102' title='bbox 759 1485 829 1548; x_wconf 86' lang='lat' dir='ltr'>olim</span> <span class='ocrx_word' id='word_1_103' title='bbox 850 1485 1049 1550; x_wconf 78' lang='lat' dir='ltr'>Marklandoi</span> 
     </span>
    </p>

    <p class='ocr_par' dir='ltr' id='par_1_6' title="bbox 239 1568 1297 1740">
     <span class='ocr_line' id='line_1_14' title="bbox 341 1568 1296 1655; baseline -0.004 -19"><span class='ocrx_word' id='word_1_104' title='bbox 341 1591 369 1636; x_wconf 86' lang='lat' dir='ltr'>r.</span> <span class='ocrx_word' id='word_1_105' title='bbox 392 1577 445 1636; x_wconf 84' lang='grc'>61.</span> <span class='ocrx_word' id='word_1_106' title='bbox 465 1571 631 1637; x_wconf 73' lang='lat' dir='ltr'>nintu&#39;rs.</span> <span class='ocrx_word' id='word_1_107' title='bbox 659 1572 704 1636; x_wconf 85' lang='lat' dir='ltr'>lle</span> <span class='ocrx_word' id='word_1_108' title='bbox 725 1591 782 1634; x_wconf 89' lang='lat' dir='ltr'>usu</span> <span class='ocrx_word' id='word_1_109' title='bbox 801 1573 859 1635; x_wconf 84' lang='lat' dir='ltr'>boe</span> <span class='ocrx_word' id='word_1_110' title='bbox 874 1572 983 1655; x_wconf 87' lang='lat' dir='ltr'>pnrtie.</span> <span class='ocrx_word' id='word_1_111' title='bbox 1004 1570 1058 1634; x_wconf 84' lang='lat' dir='ltr'>int.</span> <span class='ocrx_word' id='word_1_112' title='bbox 1086 1568 1296 1650; x_wconf 73' lang='lat' dir='ltr'>elegantissimo</span> 
     </span>
     <span class='ocr_line' id='line_1_15' title="bbox 239 1655 1297 1740; baseline -0.007 -18"><span class='ocrx_word' id='word_1_113' title='bbox 239 1657 279 1722; x_wconf 84' lang='lat' dir='ltr'>oi.</span> <span class='ocrx_word' id='word_1_114' title='bbox 301 1657 338 1735; x_wconf 83' lang='lat' dir='ltr'>Q.</span> <span class='ocrx_word' id='word_1_115' title='bbox 353 1659 387 1724; x_wconf 81' lang='lat' dir='ltr'>P.</span> <span class='ocrx_word' id='word_1_116' title='bbox 408 1656 448 1732; x_wconf 89' lang='lat'>11,</span> <span class='ocrx_word' id='word_1_117' title='bbox 467 1662 498 1722; x_wconf 88' lang='grc'>6.</span> <span class='ocrx_word' id='word_1_118' title='bbox 520 1675 549 1740; x_wconf 86' lang='lat' dir='ltr'>p.</span> <span class='ocrx_word' id='word_1_119' title='bbox 571 1662 644 1723; x_wconf 81' lang='lat' dir='ltr'>ttt.</span> <span class='ocrx_word' id='word_1_120' title='bbox 686 1660 763 1723; x_wconf 83' lang='lat' dir='ltr'>Mox</span> <span class='ocrx_word' id='word_1_121' title='bbox 780 1675 810 1722; x_wconf 84' lang='lat' dir='ltr'>s.</span> <span class='ocrx_word' id='word_1_122' title='bbox 833 1662 895 1734; x_wconf 64' lang='lat' dir='ltr'>et„</span> <span class='ocrx_word' id='word_1_123' title='bbox 915 1666 948 1720; x_wconf 90' lang='lat' dir='ltr'>nt</span> <span class='ocrx_word' id='word_1_124' title='bbox 967 1658 998 1719; x_wconf 91' lang='lat' dir='ltr'>io</span> <span class='ocrx_word' id='word_1_125' title='bbox 1019 1657 1105 1719; x_wconf 90' lang='lat' dir='ltr'>libris</span> <span class='ocrx_word' id='word_1_126' title='bbox 1122 1655 1242 1736; x_wconf 78' lang='lat' dir='ltr'>legitur,</span> <span class='ocrx_word' id='word_1_127' title='bbox 1257 1657 1297 1716; x_wconf 90' lang='lat' dir='ltr'>in·</span> 
     </span>
    </p>
   </div>
   <div class='ocr_carea' id='block_1_6' title="bbox 130 1742 1299 1824">
    <p class='ocr_par' dir='ltr' id='par_1_7' title="bbox 130 1742 1299 1824">
     <span class='ocr_line' id='line_1_16' title="bbox 130 1742 1299 1824; baseline -0.005 -16"><span class='ocrx_word' id='word_1_128' title='bbox 130 1795 138 1817; x_wconf 82' lang='grc'><strong>.</strong></span> <span class='ocrx_word' id='word_1_129' title='bbox 241 1743 322 1808; x_wconf 80' lang='lat' dir='ltr'>donst</span> <span class='ocrx_word' id='word_1_130' title='bbox 343 1744 478 1808; x_wconf 78' lang='lat' dir='ltr'>monendi</span> <span class='ocrx_word' id='word_1_131' title='bbox 499 1743 610 1809; x_wconf 86' lang='lat' dir='ltr'>loetum</span> <span class='ocrx_word' id='word_1_132' title='bbox 631 1761 697 1808; x_wconf 88' lang='lat' dir='ltr'>essa</span> <span class='ocrx_word' id='word_1_133' title='bbox 718 1743 959 1824; x_wconf 65' lang='lat' dir='ltr'>superuenere</span> <span class='ocrx_word' id='word_1_134' title='bbox 981 1753 1011 1806; x_wconf 89' lang='lat' dir='ltr'>et</span> <span class='ocrx_word' id='word_1_135' title='bbox 1030 1743 1193 1808; x_wconf 84' lang='lat' dir='ltr'>eiecerunt</span> <span class='ocrx_word' id='word_1_136' title='bbox 1225 1742 1299 1819; x_wconf 80' lang='lat' dir='ltr'>Qnse</span> 
     </span>
    </p>
   </div>
   <div class='ocr_carea' id='block_1_7' title="bbox 196 1827 1301 3199">
    <p class='ocr_par' dir='ltr' id='par_1_8' title="bbox 196 1827 1301 3199">
     <span class='ocr_line' id='line_1_17' title="bbox 241 1827 1297 1912; baseline -0.005 -19"><span class='ocrx_word' id='word_1_137' title='bbox 241 1829 388 1893; x_wconf 85' lang='lat' dir='ltr'>medicina</span> <span class='ocrx_word' id='word_1_138' title='bbox 416 1838 449 1893; x_wconf 93' lang='lat' dir='ltr'>ut</span> <span class='ocrx_word' id='word_1_139' title='bbox 472 1830 589 1894; x_wconf 88' lang='lat' dir='ltr'>minime</span> <span class='ocrx_word' id='word_1_140' title='bbox 611 1840 657 1895; x_wconf 89' lang='lat' dir='ltr'>est</span> <span class='ocrx_word' id='word_1_141' title='bbox 677 1845 816 1912; x_wconf 85' lang='lat' dir='ltr'>operosa,</span> <span class='ocrx_word' id='word_1_142' title='bbox 841 1833 888 1906; x_wconf 53' lang='lat' dir='ltr'>,its</span> <span class='ocrx_word' id='word_1_143' title='bbox 910 1830 1014 1893; x_wconf 86' lang='lat' dir='ltr'>oriticn</span> <span class='ocrx_word' id='word_1_144' title='bbox 1035 1829 1173 1909; x_wconf 83' lang='lat' dir='ltr'>indigna.</span> <span class='ocrx_word' id='word_1_145' title='bbox 1233 1827 1297 1890; x_wconf 83' lang='lat' dir='ltr'>liam</span> 
     </span>
     <span class='ocr_line' id='line_1_18' title="bbox 240 1912 1298 1996; baseline -0.006 -16"><span class='ocrx_word' id='word_1_146' title='bbox 240 1917 385 1980; x_wconf 86' lang='lat' dir='ltr'>sententia</span> <span class='ocrx_word' id='word_1_147' title='bbox 404 1916 501 1996; x_wconf 88' lang='lat' dir='ltr'>probs</span> <span class='ocrx_word' id='word_1_148' title='bbox 523 1927 578 1992; x_wconf 85' lang='lat' dir='ltr'>ast,</span> <span class='ocrx_word' id='word_1_149' title='bbox 600 1923 630 1979; x_wconf 90' lang='lat' dir='ltr'>et</span> <span class='ocrx_word' id='word_1_150' title='bbox 651 1917 729 1978; x_wconf 90' lang='lat' dir='ltr'>unde</span> <span class='ocrx_word' id='word_1_151' title='bbox 742 1915 842 1980; x_wconf 79' lang='lat' dir='ltr'>Ovidii</span> <span class='ocrx_word' id='word_1_152' title='bbox 862 1933 978 1978; x_wconf 88' lang='lat' dir='ltr'>rersnm</span> <span class='ocrx_word' id='word_1_153' title='bbox 994 1914 1100 1988; x_wconf 81' lang='lat' dir='ltr'>(Trist.</span> <span class='ocrx_word' id='word_1_154' title='bbox 1117 1912 1298 1991; x_wconf 78' lang='lat' dir='ltr'>1V,ti,t‘l.):</span> 
     </span>
     <span class='ocr_line' id='line_1_19' title="bbox 196 2001 1298 2084; baseline -0.005 -18"><span class='ocrx_word' id='word_1_155' title='bbox 196 2075 199 2084; x_wconf 31' lang='lat'><strong>¹</strong></span> <span class='ocrx_word' id='word_1_156' title='bbox 241 2001 357 2082; x_wconf 81' lang='lat' dir='ltr'>Vixque</span> <span class='ocrx_word' id='word_1_157' title='bbox 379 2003 476 2064; x_wconf 80' lang='lat' dir='ltr'>iubeo</span> <span class='ocrx_word' id='word_1_158' title='bbox 497 2010 646 2066; x_wconf 88' lang='lat' dir='ltr'>tenuem</span> <span class='ocrx_word' id='word_1_159' title='bbox 667 2018 744 2083; x_wconf 83' lang='lat' dir='ltr'>quae</span> <span class='ocrx_word' id='word_1_160' title='bbox 764 2011 847 2080; x_wconf 78' lang='lat' dir='ltr'>tegat</span> <span class='ocrx_word' id='word_1_161' title='bbox 868 2017 958 2064; x_wconf 88' lang='lat' dir='ltr'>ossa</span> <span class='ocrx_word' id='word_1_162' title='bbox 978 2010 1101 2064; x_wconf 84' lang='lat' dir='ltr'>entem</span> <span class='ocrx_word' id='word_1_163' title='bbox 1122 2033 1167 2048; x_wconf 92' lang='lat'>—</span> <span class='ocrx_word' id='word_1_164' title='bbox 1188 2015 1298 2082; x_wconf 86' lang='lat' dir='ltr'>expres·</span> 
     </span>
     <span class='ocr_line' id='line_1_20' title="bbox 239 2083 1301 2168; baseline -0.001 -20"><span class='ocrx_word' id='word_1_165' title='bbox 239 2105 303 2150; x_wconf 89' lang='lat' dir='ltr'>snm</span> <span class='ocrx_word' id='word_1_166' title='bbox 326 2103 392 2150; x_wconf 90' lang='lat' dir='ltr'>esse</span> <span class='ocrx_word' id='word_1_167' title='bbox 413 2085 492 2150; x_wconf 89' lang='lat' dir='ltr'>baud</span> <span class='ocrx_word' id='word_1_168' title='bbox 515 2085 607 2150; x_wconf 87' lang='lat' dir='ltr'>dubie</span> <span class='ocrx_word' id='word_1_169' title='bbox 628 2087 735 2150; x_wconf 81' lang='lat' dir='ltr'>dinem.</span> <span class='ocrx_word' id='word_1_170' title='bbox 778 2086 839 2150; x_wconf 87' lang='lat' dir='ltr'>Sed</span> <span class='ocrx_word' id='word_1_171' title='bbox 861 2095 986 2168; x_wconf 89' lang='lat' dir='ltr'>propter</span> <span class='ocrx_word' id='word_1_172' title='bbox 1006 2087 1083 2150; x_wconf 85' lang='lat' dir='ltr'>bane</span> <span class='ocrx_word' id='word_1_173' title='bbox 1103 2087 1201 2166; x_wconf 89' lang='lat' dir='ltr'>ipsum</span> <span class='ocrx_word' id='word_1_174' title='bbox 1221 2083 1301 2148; x_wconf 84' lang='lat' dir='ltr'>tanl-</span> 
     </span>
     <span class='ocr_line' id='line_1_21' title="bbox 240 2169 1298 2255; baseline -0.003 -20"><span class='ocrx_word' id='word_1_175' title='bbox 240 2170 340 2235; x_wconf 79' lang='lat' dir='ltr'>limam</span> <span class='ocrx_word' id='word_1_176' title='bbox 357 2174 531 2236; x_wconf 84' lang='lat' dir='ltr'>sententiam</span> <span class='ocrx_word' id='word_1_177' title='bbox 553 2191 629 2255; x_wconf 81' lang='lat' dir='ltr'>quoe</span> <span class='ocrx_word' id='word_1_178' title='bbox 650 2174 726 2236; x_wconf 87' lang='lat' dir='ltr'>nibil</span> <span class='ocrx_word' id='word_1_179' title='bbox 746 2172 803 2235; x_wconf 89' lang='lat' dir='ltr'>nisi</span> <span class='ocrx_word' id='word_1_180' title='bbox 823 2189 1033 2253; x_wconf 77' lang='lat' dir='ltr'>pronomen</span> <span class='ocrx_word' id='word_1_181' title='bbox 1061 2169 1223 2246; x_wconf 85' lang='lat' dir='ltr'>desiderat,</span> <span class='ocrx_word' id='word_1_182' title='bbox 1249 2185 1298 2252; x_wconf 81' lang='lat' dir='ltr'>quo</span> 
     </span>
     <span class='ocr_line' id='line_1_22' title="bbox 239 2257 1300 2337; baseline -0.002 -17"><span class='ocrx_word' id='word_1_183' title='bbox 239 2257 324 2320; x_wconf 87' lang='lat' dir='ltr'>ouius</span> <span class='ocrx_word' id='word_1_184' title='bbox 351 2259 411 2322; x_wconf 84' lang='lat' dir='ltr'>sint</span> <span class='ocrx_word' id='word_1_185' title='bbox 436 2257 491 2320; x_wconf 88' lang='lat' dir='ltr'>ills</span> <span class='ocrx_word' id='word_1_186' title='bbox 513 2275 583 2322; x_wconf 86' lang='lat' dir='ltr'>ossa</span> <span class='ocrx_word' id='word_1_187' title='bbox 610 2267 640 2322; x_wconf 91' lang='lat' dir='ltr'>et</span> <span class='ocrx_word' id='word_1_188' title='bbox 665 2268 747 2323; x_wconf 85' lang='lat' dir='ltr'>nutes</span> <span class='ocrx_word' id='word_1_189' title='bbox 775 2257 975 2337; x_wconf 73' lang='lat' dir='ltr'>signidoetur,</span> <span class='ocrx_word' id='word_1_190' title='bbox 1000 2276 1189 2322; x_wconf 89' lang='lat' dir='ltr'>numerorum</span> <span class='ocrx_word' id='word_1_191' title='bbox 1207 2257 1300 2320; x_wconf 89' lang='lat' dir='ltr'>labru-</span> 
     </span>
     <span class='ocr_line' id='line_1_23' title="bbox 239 2341 1300 2425; baseline -0.003 -17"><span class='ocrx_word' id='word_1_192' title='bbox 239 2344 311 2408; x_wconf 77' lang='lat' dir='ltr'>tias</span> <span class='ocrx_word' id='word_1_193' title='bbox 339 2341 464 2406; x_wconf 84' lang='lat' dir='ltr'>iulernm</span> <span class='ocrx_word' id='word_1_194' title='bbox 494 2343 699 2408; x_wconf 83' lang='lat' dir='ltr'>dilinillimunr</span> <span class='ocrx_word' id='word_1_195' title='bbox 728 2343 839 2408; x_wconf 86' lang='lat' dir='ltr'>estad</span> <span class='ocrx_word' id='word_1_196' title='bbox 866 2342 1083 2408; x_wconf 83' lang='lat' dir='ltr'>insenieudum.</span> <span class='ocrx_word' id='word_1_197' title='bbox 1135 2343 1251 2425; x_wconf 80' lang='lat' dir='ltr'>ltaque,</span> <span class='ocrx_word' id='word_1_198' title='bbox 1272 2349 1300 2405; x_wconf 87' lang='lat' dir='ltr'>ut</span> 
     </span>
     <span class='ocr_line' id='line_1_24' title="bbox 239 2427 1299 2513; baseline -0.004 -21"><span class='ocrx_word' id='word_1_199' title='bbox 239 2427 306 2508; x_wconf 73' lang='lat' dir='ltr'>logi</span> <span class='ocrx_word' id='word_1_200' title='bbox 325 2437 421 2492; x_wconf 84' lang='lat' dir='ltr'>tumen</span> <span class='ocrx_word' id='word_1_201' title='bbox 444 2447 547 2494; x_wconf 85' lang='lat' dir='ltr'>sersus</span> <span class='ocrx_word' id='word_1_202' title='bbox 568 2439 681 2513; x_wconf 85' lang='lat' dir='ltr'>posset,</span> <span class='ocrx_word' id='word_1_203' title='bbox 702 2429 762 2492; x_wconf 91' lang='lat' dir='ltr'>iam</span> <span class='ocrx_word' id='word_1_204' title='bbox 783 2447 955 2511; x_wconf 80' lang='lat' dir='ltr'>receperam</span> <span class='ocrx_word' id='word_1_205' title='bbox 968 2431 1071 2494; x_wconf 87' lang='lat' dir='ltr'>lsoobi</span> <span class='ocrx_word' id='word_1_206' title='bbox 1092 2431 1299 2494; x_wconf 80' lang='lat' dir='ltr'>coniecturum:</span> 
     </span>
     <span class='ocr_line' id='line_1_25' title="bbox 238 2513 1298 2597; baseline 0 -19"><span class='ocrx_word' id='word_1_207' title='bbox 238 2513 299 2578; x_wconf 81' lang='lat' dir='ltr'>Per</span> <span class='ocrx_word' id='word_1_208' title='bbox 320 2523 466 2578; x_wconf 87' lang='lat' dir='ltr'>tenuem</span> <span class='ocrx_word' id='word_1_209' title='bbox 495 2533 568 2580; x_wconf 87' lang='lat' dir='ltr'>ussa</span> <span class='ocrx_word' id='word_1_210' title='bbox 592 2517 662 2580; x_wconf 85' lang='lat' dir='ltr'>milri</span> <span class='ocrx_word' id='word_1_211' title='bbox 681 2535 707 2580; x_wconf 91' lang='lat' dir='ltr'>s.</span> <span class='ocrx_word' id='word_1_212' title='bbox 729 2535 757 2580; x_wconf 92' lang='lat' dir='ltr'>n.</span> <span class='ocrx_word' id='word_1_213' title='bbox 778 2524 900 2579; x_wconf 88' lang='lat' dir='ltr'>eutem</span> <span class='ocrx_word' id='word_1_214' title='bbox 922 2549 963 2562; x_wconf 89' lang='lat'>-</span> <span class='ocrx_word' id='word_1_215' title='bbox 985 2515 1134 2596; x_wconf 79' lang='lat' dir='ltr'>quamvis,</span> <span class='ocrx_word' id='word_1_216' title='bbox 1163 2533 1222 2597; x_wconf 81' lang='lat' dir='ltr'>quo</span> <span class='ocrx_word' id='word_1_217' title='bbox 1242 2527 1298 2578; x_wconf 89' lang='lat' dir='ltr'>tan·</span> 
     </span>
     <span class='ocr_line' id='line_1_26' title="bbox 241 2598 1298 2682; baseline 0.002 -20"><span class='ocrx_word' id='word_1_218' title='bbox 241 2598 307 2663; x_wconf 88' lang='lat' dir='ltr'>darn</span> <span class='ocrx_word' id='word_1_219' title='bbox 329 2598 521 2667; x_wconf 70' lang='lat' dir='ltr'>librariorum</span> <span class='ocrx_word' id='word_1_220' title='bbox 543 2621 648 2666; x_wconf 89' lang='lat' dir='ltr'>errore</span> <span class='ocrx_word' id='word_1_221' title='bbox 668 2603 738 2664; x_wconf 88' lang='lat' dir='ltr'>lino</span> <span class='ocrx_word' id='word_1_222' title='bbox 757 2602 916 2665; x_wconf 84' lang='lat' dir='ltr'>eommunis</span> <span class='ocrx_word' id='word_1_223' title='bbox 938 2603 1065 2680; x_wconf 80' lang='lat' dir='ltr'>omniunt</span> <span class='ocrx_word' id='word_1_224' title='bbox 1084 2598 1174 2664; x_wconf 85' lang='lat' dir='ltr'>estid.</span> <span class='ocrx_word' id='word_1_225' title='bbox 1187 2601 1298 2682; x_wconf 80' lang='lat' dir='ltr'>sar-iptio</span> 
     </span>
     <span class='ocr_line' id='line_1_27' title="bbox 238 2686 1300 2770; baseline 0 -22"><span class='ocrx_word' id='word_1_226' title='bbox 238 2702 370 2770; x_wconf 85' lang='lat' dir='ltr'>pronora</span> <span class='ocrx_word' id='word_1_227' title='bbox 397 2695 493 2763; x_wconf 87' lang='lat' dir='ltr'>esset,</span> <span class='ocrx_word' id='word_1_228' title='bbox 522 2691 640 2752; x_wconf 86' lang='lat' dir='ltr'>minime</span> <span class='ocrx_word' id='word_1_229' title='bbox 662 2687 876 2765; x_wconf 78' lang='lat' dir='ltr'>intelligerem:</span> <span class='ocrx_word' id='word_1_230' title='bbox 907 2705 972 2750; x_wconf 87' lang='lat' dir='ltr'>euru</span> <span class='ocrx_word' id='word_1_231' title='bbox 992 2686 1114 2750; x_wconf 85' lang='lat' dir='ltr'>eandem</span> <span class='ocrx_word' id='word_1_232' title='bbox 1137 2688 1300 2752; x_wconf 86' lang='lat' dir='ltr'>sententiam</span> 
     </span>
     <span class='ocr_line' id='line_1_28' title="bbox 238 2770 1299 2855; baseline 0 -21"><span class='ocrx_word' id='word_1_233' title='bbox 238 2770 425 2854; x_wconf 85' lang='lat' dir='ltr'>prodituram</span> <span class='ocrx_word' id='word_1_234' title='bbox 448 2771 527 2850; x_wconf 85' lang='lat' dir='ltr'>ridi,</span> <span class='ocrx_word' id='word_1_235' title='bbox 554 2773 582 2836; x_wconf 89' lang='lat' dir='ltr'>si</span> <span class='ocrx_word' id='word_1_236' title='bbox 610 2775 642 2838; x_wconf 88' lang='lat' dir='ltr'>iu</span> <span class='ocrx_word' id='word_1_237' title='bbox 666 2773 734 2855; x_wconf 91' lang='lat' dir='ltr'>ipso</span> <span class='ocrx_word' id='word_1_238' title='bbox 758 2773 867 2836; x_wconf 83' lang='lat' dir='ltr'>ulteris</span> <span class='ocrx_word' id='word_1_239' title='bbox 895 2773 1043 2836; x_wconf 85' lang='lat' dir='ltr'>mouilesti</span> <span class='ocrx_word' id='word_1_240' title='bbox 1070 2774 1140 2837; x_wconf 87' lang='lat' dir='ltr'>loeo</span> <span class='ocrx_word' id='word_1_241' title='bbox 1167 2773 1299 2855; x_wconf 73' lang='lat' dir='ltr'>proximi·</span> 
     </span>
     <span class='ocr_line' id='line_1_29' title="bbox 241 2853 1299 2942; baseline 0 -22"><span class='ocrx_word' id='word_1_242' title='bbox 241 2853 356 2920; x_wconf 83' lang='lat' dir='ltr'>duabus</span> <span class='ocrx_word' id='word_1_243' title='bbox 387 2859 426 2922; x_wconf 90' lang='lat' dir='ltr'>ab</span> <span class='ocrx_word' id='word_1_244' title='bbox 456 2869 584 2942; x_wconf 78' lang='lat' dir='ltr'>utraque</span> <span class='ocrx_word' id='word_1_245' title='bbox 608 2867 695 2941; x_wconf 87' lang='lat' dir='ltr'>parte</span> <span class='ocrx_word' id='word_1_246' title='bbox 724 2859 834 2923; x_wconf 89' lang='lat' dir='ltr'>litteris</span> <span class='ocrx_word' id='word_1_247' title='bbox 860 2861 996 2941; x_wconf 87' lang='lat' dir='ltr'>repetitis</span> <span class='ocrx_word' id='word_1_248' title='bbox 1025 2867 1056 2924; x_wconf 91' lang='lat' dir='ltr'>et</span> <span class='ocrx_word' id='word_1_249' title='bbox 1078 2859 1188 2940; x_wconf 78' lang='lat' dir='ltr'>spiritu</span> <span class='ocrx_word' id='word_1_250' title='bbox 1207 2857 1299 2922; x_wconf 85' lang='lat' dir='ltr'>addito</span> 
     </span>
     <span class='ocr_line' id='line_1_30' title="bbox 238 2941 1301 3026; baseline -0.004 -18"><span class='ocrx_word' id='word_1_251' title='bbox 238 2941 310 3009; x_wconf 79' lang='lat' dir='ltr'>las</span> <span class='ocrx_word' id='word_1_252' title='bbox 329 2944 522 3008; x_wconf 84' lang='lat' dir='ltr'>scriberetur.</span> <span class='ocrx_word' id='word_1_253' title='bbox 563 2945 639 3010; x_wconf 85' lang='lat' dir='ltr'>Nam</span> <span class='ocrx_word' id='word_1_254' title='bbox 658 2943 729 3007; x_wconf 85' lang='lat' dir='ltr'>isse</span> <span class='ocrx_word' id='word_1_255' title='bbox 751 2953 861 3008; x_wconf 88' lang='lat' dir='ltr'>nutes</span> <span class='ocrx_word' id='word_1_256' title='bbox 881 2980 925 2994; x_wconf 90' lang='lat'>-</span> <span class='ocrx_word' id='word_1_257' title='bbox 947 2962 1052 3008; x_wconf 86' lang='lat' dir='ltr'>meae</span> <span class='ocrx_word' id='word_1_258' title='bbox 1075 2953 1153 3020; x_wconf 88' lang='lat' dir='ltr'>sunt,</span> <span class='ocrx_word' id='word_1_259' title='bbox 1175 2959 1301 3026; x_wconf 90' lang='lat' dir='ltr'>nsuper·</span> 
     </span>
     <span class='ocr_line' id='line_1_31' title="bbox 241 3029 1299 3112; baseline -0.003 -19"><span class='ocrx_word' id='word_1_260' title='bbox 241 3030 374 3109; x_wconf 81' lang='lat' dir='ltr'>rulgstn.</span> <span class='ocrx_word' id='word_1_261' title='bbox 423 3030 528 3112; x_wconf 79' lang='lat' dir='ltr'>ltsque</span> <span class='ocrx_word' id='word_1_262' title='bbox 555 3032 716 3094; x_wconf 74' lang='lat' dir='ltr'>contractis</span> <span class='ocrx_word' id='word_1_263' title='bbox 737 3029 954 3111; x_wconf 81' lang='lat' dir='ltr'>quodammodo</span> <span class='ocrx_word' id='word_1_264' title='bbox 974 3031 1106 3094; x_wconf 83' lang='lat' dir='ltr'>uulneris</span> <span class='ocrx_word' id='word_1_265' title='bbox 1126 3031 1299 3112; x_wconf 73' lang='lat' dir='ltr'>marginibus</span> 
     </span>
     <span class='ocr_line' id='line_1_32' title="bbox 239 3113 1299 3199; baseline -0.003 -21"><span class='ocrx_word' id='word_1_266' title='bbox 239 3113 403 3180; x_wconf 76' lang='lat' dir='ltr'>laceratum</span> <span class='ocrx_word' id='word_1_267' title='bbox 424 3132 541 3180; x_wconf 80' lang='lat' dir='ltr'>tersum</span> <span class='ocrx_word' id='word_1_268' title='bbox 570 3117 685 3180; x_wconf 81' lang='lat' dir='ltr'>sarrire</span> <span class='ocrx_word' id='word_1_269' title='bbox 707 3125 830 3178; x_wconf 75' lang='lat' dir='ltr'>conotus</span> <span class='ocrx_word' id='word_1_270' title='bbox 859 3135 932 3180; x_wconf 91' lang='lat' dir='ltr'>sum.</span> <span class='ocrx_word' id='word_1_271' title='bbox 983 3115 1050 3192; x_wconf 86' lang='lat' dir='ltr'>Qua</span> <span class='ocrx_word' id='word_1_272' title='bbox 1077 3133 1152 3178; x_wconf 86' lang='lat' dir='ltr'>curs</span> <span class='ocrx_word' id='word_1_273' title='bbox 1179 3115 1299 3199; x_wconf 78' lang='lat' dir='ltr'>quamtis</span> 
     </span>
    </p>
   </div>
   <div class='ocr_carea' id='block_1_8' title="bbox 119 3201 1299 3284">
    <p class='ocr_par' dir='ltr' id='par_1_9' title="bbox 119 3201 1299 3284">
     <span class='ocr_line' id='line_1_33' title="bbox 119 3201 1299 3284; baseline -0.002 -20"><span class='ocrx_word' id='word_1_274' title='bbox 119 3213 124 3228; x_wconf 92' lang='lat'>&#39;</span> <span class='ocrx_word' id='word_1_275' title='bbox 239 3201 398 3265; x_wconf 85' lang='lat' dir='ltr'>ineundum</span> <span class='ocrx_word' id='word_1_276' title='bbox 419 3219 522 3264; x_wconf 89' lang='lat' dir='ltr'>rersns</span> <span class='ocrx_word' id='word_1_277' title='bbox 544 3219 664 3275; x_wconf 88' lang='lat' dir='ltr'>sonum,</span> <span class='ocrx_word' id='word_1_278' title='bbox 690 3203 877 3265; x_wconf 76' lang='lat' dir='ltr'>sibilantibus</span> <span class='ocrx_word' id='word_1_279' title='bbox 907 3202 1017 3284; x_wconf 81' lang='lat' dir='ltr'>quippe</span> <span class='ocrx_word' id='word_1_280' title='bbox 1046 3201 1178 3284; x_wconf 78' lang='lat' dir='ltr'>undique</span> <span class='ocrx_word' id='word_1_281' title='bbox 1204 3201 1299 3266; x_wconf 87' lang='lat' dir='ltr'>litteris</span> 
     </span>
    </p>
   </div>
   <div class='ocr_carea' id='block_1_9' title="bbox 237 3284 1307 4402">
    <p class='ocr_par' dir='ltr' id='par_1_10' title="bbox 238 3284 1307 3777">
     <span class='ocr_line' id='line_1_34' title="bbox 240 3284 1299 3370; baseline -0.002 -20"><span class='ocrx_word' id='word_1_282' title='bbox 240 3295 272 3350; x_wconf 92' lang='lat' dir='ltr'>et</span> <span class='ocrx_word' id='word_1_283' title='bbox 292 3284 368 3350; x_wconf 85' lang='lat' dir='ltr'>durs</span> <span class='ocrx_word' id='word_1_284' title='bbox 396 3296 466 3350; x_wconf 89' lang='lat' dir='ltr'>aute</span> <span class='ocrx_word' id='word_1_285' title='bbox 494 3289 671 3370; x_wconf 76' lang='lat' dir='ltr'>pentametri</span> <span class='ocrx_word' id='word_1_286' title='bbox 698 3305 852 3350; x_wconf 74' lang='lat' dir='ltr'>caesuram</span> <span class='ocrx_word' id='word_1_287' title='bbox 879 3288 1071 3368; x_wconf 72' lang='lat' dir='ltr'>synaloephe,</span> <span class='ocrx_word' id='word_1_288' title='bbox 1100 3291 1218 3352; x_wconf 89' lang='lat' dir='ltr'>minime</span> <span class='ocrx_word' id='word_1_289' title='bbox 1238 3285 1299 3350; x_wconf 81' lang='lat' dir='ltr'>ede·</span> 
     </span>
     <span class='ocr_line' id='line_1_35' title="bbox 240 3368 1299 3456; baseline -0.004 -21"><span class='ocrx_word' id='word_1_290' title='bbox 240 3371 318 3435; x_wconf 78' lang='lat' dir='ltr'>risse</span> <span class='ocrx_word' id='word_1_291' title='bbox 341 3390 388 3436; x_wconf 91' lang='lat' dir='ltr'>me</span> <span class='ocrx_word' id='word_1_292' title='bbox 409 3371 543 3453; x_wconf 81' lang='lat' dir='ltr'>glorior:</span> <span class='ocrx_word' id='word_1_293' title='bbox 573 3381 680 3448; x_wconf 85' lang='lat' dir='ltr'>tumen,</span> <span class='ocrx_word' id='word_1_294' title='bbox 707 3373 845 3456; x_wconf 85' lang='lat' dir='ltr'>puouianr</span> <span class='ocrx_word' id='word_1_295' title='bbox 865 3374 895 3436; x_wconf 91' lang='lat' dir='ltr'>iu</span> <span class='ocrx_word' id='word_1_296' title='bbox 912 3374 969 3436; x_wconf 87' lang='lat' dir='ltr'>bno</span> <span class='ocrx_word' id='word_1_297' title='bbox 990 3375 1121 3438; x_wconf 82' lang='lat' dir='ltr'>carmine</span> <span class='ocrx_word' id='word_1_298' title='bbox 1152 3391 1210 3438; x_wconf 91' lang='lat' dir='ltr'>uon</span> <span class='ocrx_word' id='word_1_299' title='bbox 1237 3368 1299 3454; x_wconf 77' lang='lat' dir='ltr'>quid</span> 
     </span>
     <span class='ocr_line' id='line_1_36' title="bbox 240 3457 1298 3542; baseline -0.003 -21"><span class='ocrx_word' id='word_1_300' title='bbox 240 3457 490 3535; x_wconf 76' lang='lat' dir='ltr'>elegantissimum</span> <span class='ocrx_word' id='word_1_301' title='bbox 516 3467 609 3534; x_wconf 90' lang='lat' dir='ltr'>esset,</span> <span class='ocrx_word' id='word_1_302' title='bbox 637 3457 690 3520; x_wconf 85' lang='lat' dir='ltr'>sed</span> <span class='ocrx_word' id='word_1_303' title='bbox 719 3459 790 3542; x_wconf 84' lang='lat' dir='ltr'>quiri</span> <span class='ocrx_word' id='word_1_304' title='bbox 821 3461 1018 3542; x_wconf 82' lang='lat' dir='ltr'>corruptionis</span> <span class='ocrx_word' id='word_1_305' title='bbox 1047 3460 1194 3538; x_wconf 79' lang='lat' dir='ltr'>originem</span> <span class='ocrx_word' id='word_1_306' title='bbox 1220 3471 1298 3540; x_wconf 79' lang='lat' dir='ltr'>etque</span> 
     </span>
     <span class='ocr_line' id='line_1_37' title="bbox 238 3542 1299 3630; baseline -0.004 -22"><span class='ocrx_word' id='word_1_307' title='bbox 238 3542 317 3608; x_wconf 79' lang='lat' dir='ltr'>tiam</span> <span class='ocrx_word' id='word_1_308' title='bbox 344 3543 488 3608; x_wconf 82' lang='lat' dir='ltr'>facillime</span> <span class='ocrx_word' id='word_1_309' title='bbox 518 3552 713 3621; x_wconf 87' lang='lat' dir='ltr'>monstraret,</span> <span class='ocrx_word' id='word_1_310' title='bbox 748 3547 854 3627; x_wconf 85' lang='lat' dir='ltr'>quaeri</span> <span class='ocrx_word' id='word_1_311' title='bbox 879 3547 1062 3630; x_wconf 87' lang='lat' dir='ltr'>potissimum</span> <span class='ocrx_word' id='word_1_312' title='bbox 1091 3546 1241 3610; x_wconf 84' lang='lat' dir='ltr'>intellexi:</span> <span class='ocrx_word' id='word_1_313' title='bbox 1273 3543 1299 3604; x_wconf 88' lang='lat' dir='ltr'>iu</span> 
     </span>
     <span class='ocr_line' id='line_1_38' title="bbox 238 3621 1307 3776; baseline 0.003 -88"><span class='ocrx_word' id='word_1_314' title='bbox 238 3626 375 3776; x_wconf 57' lang='lat' dir='ltr'>pelidem</span> <span class='ocrx_word' id='word_1_315' title='bbox 394 3629 487 3709; x_wconf 88' lang='lat' dir='ltr'>illud,</span> <span class='ocrx_word' id='word_1_316' title='bbox 515 3630 612 3694; x_wconf 84' lang='lat' dir='ltr'>donee</span> <span class='ocrx_word' id='word_1_317' title='bbox 633 3631 759 3696; x_wconf 88' lang='lat' dir='ltr'>meliors</span> <span class='ocrx_word' id='word_1_318' title='bbox 778 3631 987 3714; x_wconf 79' lang='lat' dir='ltr'>probarentur,</span> <span class='ocrx_word' id='word_1_319' title='bbox 1013 3633 1151 3714; x_wconf 82' lang='lat' dir='ltr'>recipere</span> <span class='ocrx_word' id='word_1_320' title='bbox 1176 3649 1235 3696; x_wconf 90' lang='lat' dir='ltr'>non</span> <span class='ocrx_word' id='word_1_321' title='bbox 1252 3621 1307 3693; x_wconf 87' lang='lat' dir='ltr'>du·&#39;</span> 
     </span>
     <span class='ocr_line' id='line_1_39' title="bbox 260 3713 342 3777; baseline 0 -1"><span class='ocrx_word' id='word_1_322' title='bbox 260 3713 342 3777; x_wconf 86' lang='lat' dir='ltr'>itari.</span> 
     </span>
    </p>

    <p class='ocr_par' dir='ltr' id='par_1_11' title="bbox 237 3795 1297 4402">
     <span class='ocr_line' id='line_1_40' title="bbox 341 3795 1296 3886; baseline -0.001 -26"><span class='ocrx_word' id='word_1_323' title='bbox 341 3815 370 3862; x_wconf 89' lang='lat' dir='ltr'>r.</span> <span class='ocrx_word' id='word_1_324' title='bbox 389 3801 442 3866; x_wconf 85' lang='grc'>69.</span> <span class='ocrx_word' id='word_1_325' title='bbox 463 3799 669 3883; x_wconf 85' lang='lat' dir='ltr'>exspirare</span> <span class='ocrx_word' id='word_1_326' title='bbox 689 3799 762 3864; x_wconf 91' lang='lat' dir='ltr'>libri</span> <span class='ocrx_word' id='word_1_327' title='bbox 787 3818 855 3864; x_wconf 90' lang='lat' dir='ltr'>mss.</span> <span class='ocrx_word' id='word_1_328' title='bbox 876 3811 1091 3886; x_wconf 81' lang='lat' dir='ltr'>exspuisse</span> <span class='ocrx_word' id='word_1_329' title='bbox 1111 3819 1131 3864; x_wconf 87' lang='lat' dir='ltr'>s</span> <span class='ocrx_word' id='word_1_330' title='bbox 1152 3795 1296 3867; x_wconf 80' lang='lat' dir='ltr'>Gebbardn</span> 
     </span>
     <span class='ocr_line' id='line_1_41' title="bbox 239 3881 1296 3970; baseline 0.004 -26"><span class='ocrx_word' id='word_1_331' title='bbox 239 3889 295 3956; x_wconf 87' lang='lat' dir='ltr'>est,</span> <span class='ocrx_word' id='word_1_332' title='bbox 316 3881 430 3947; x_wconf 79' lang='lat' dir='ltr'>seilicet</span> <span class='ocrx_word' id='word_1_333' title='bbox 448 3887 497 3948; x_wconf 85' lang='lat' dir='ltr'>eui</span> <span class='ocrx_word' id='word_1_334' title='bbox 516 3905 576 3952; x_wconf 92' lang='lat' dir='ltr'>non</span> <span class='ocrx_word' id='word_1_335' title='bbox 589 3889 662 3950; x_wconf 86' lang='lat' dir='ltr'>satis</span> <span class='ocrx_word' id='word_1_336' title='bbox 677 3897 830 3970; x_wconf 90' lang='lat' dir='ltr'>sputorum</span> <span class='ocrx_word' id='word_1_337' title='bbox 848 3905 936 3950; x_wconf 87' lang='lat' dir='ltr'>rersu</span> <span class='ocrx_word' id='word_1_338' title='bbox 957 3891 1008 3953; x_wconf 86' lang='grc'>68.</span> <span class='ocrx_word' id='word_1_339' title='bbox 1023 3889 1145 3952; x_wconf 83' lang='lat' dir='ltr'>luerint</span> <span class='ocrx_word' id='word_1_340' title='bbox 1174 3889 1296 3952; x_wconf 82' lang='lat' dir='ltr'>Ceterum</span> 
     </span>
     <span class='ocr_line' id='line_1_42' title="bbox 239 3967 1297 4057; baseline 0.001 -28"><span class='ocrx_word' id='word_1_341' title='bbox 239 3967 402 4032; x_wconf 81' lang='lat' dir='ltr'>subiectum</span> <span class='ocrx_word' id='word_1_342' title='bbox 422 3971 567 4049; x_wconf 84' lang='lat' dir='ltr'>ininitiri,</span> <span class='ocrx_word' id='word_1_343' title='bbox 587 3988 646 4037; x_wconf 89' lang='lat' dir='ltr'>non</span> <span class='ocrx_word' id='word_1_344' title='bbox 674 3983 708 4037; x_wconf 91' lang='lat' dir='ltr'>nt</span> <span class='ocrx_word' id='word_1_345' title='bbox 726 3971 818 4054; x_wconf 82' lang='lat' dir='ltr'>strigo</span> <span class='ocrx_word' id='word_1_346' title='bbox 840 3973 981 4050; x_wconf 86' lang='lat' dir='ltr'>lenam,</span> <span class='ocrx_word' id='word_1_347' title='bbox 1013 3975 1094 4057; x_wconf 82' lang='lat' dir='ltr'>quod</span> <span class='ocrx_word' id='word_1_348' title='bbox 1116 3973 1297 4043; x_wconf 87' lang='lat' dir='ltr'>durissimum,</span> 
     </span>
     <span class='ocr_line' id='line_1_43' title="bbox 238 4051 1295 4142; baseline 0 -27"><span class='ocrx_word' id='word_1_349' title='bbox 238 4051 292 4115; x_wconf 88' lang='lat' dir='ltr'>sed</span> <span class='ocrx_word' id='word_1_350' title='bbox 313 4055 473 4118; x_wconf 86' lang='lat' dir='ltr'>enimam</span> <span class='ocrx_word' id='word_1_351' title='bbox 491 4067 575 4137; x_wconf 91' lang='lat' dir='ltr'>poto.</span> <span class='ocrx_word' id='word_1_352' title='bbox 617 4058 836 4140; x_wconf 84' lang='lat' dir='ltr'>Exspirare</span> <span class='ocrx_word' id='word_1_353' title='bbox 858 4069 890 4124; x_wconf 94' lang='lat' dir='ltr'>nt</span> <span class='ocrx_word' id='word_1_354' title='bbox 904 4063 994 4124; x_wconf 88' lang='lat' dir='ltr'>toties</span> <span class='ocrx_word' id='word_1_355' title='bbox 1015 4060 1151 4124; x_wconf 87' lang='lat' dir='ltr'>absolute</span> <span class='ocrx_word' id='word_1_356' title='bbox 1171 4059 1295 4142; x_wconf 87' lang='lat' dir='ltr'>positum.</span> 
     </span>
     <span class='ocr_line' id='line_1_44' title="bbox 237 4135 1294 4226; baseline 0.001 -24"><span class='ocrx_word' id='word_1_357' title='bbox 237 4135 332 4203; x_wconf 75' lang='lat' dir='ltr'>liente</span> <span class='ocrx_word' id='word_1_358' title='bbox 366 4149 462 4205; x_wconf 85' lang='lat' dir='ltr'>autem</span> <span class='ocrx_word' id='word_1_359' title='bbox 494 4143 620 4207; x_wconf 87' lang='lat' dir='ltr'>anima</span> <span class='ocrx_word' id='word_1_360' title='bbox 652 4145 737 4226; x_wconf 88' lang='lat' dir='ltr'>ipsa</span> <span class='ocrx_word' id='word_1_361' title='bbox 764 4145 970 4226; x_wconf 86' lang='lat' dir='ltr'>exspirare</span> <span class='ocrx_word' id='word_1_362' title='bbox 1004 4145 1130 4223; x_wconf 86' lang='lat' dir='ltr'>dieitur,</span> <span class='ocrx_word' id='word_1_363' title='bbox 1162 4142 1294 4226; x_wconf 79' lang='lat' dir='ltr'>siquiden</span> 
     </span>
     <span class='ocr_line' id='line_1_45' title="bbox 238 4223 1296 4312; baseline 0.013 -26"><span class='ocrx_word' id='word_1_364' title='bbox 238 4223 344 4290; x_wconf 86' lang='lat' dir='ltr'>eadem</span> <span class='ocrx_word' id='word_1_365' title='bbox 376 4229 535 4310; x_wconf 86' lang='lat' dir='ltr'>spirans</span> <span class='ocrx_word' id='word_1_366' title='bbox 572 4246 672 4292; x_wconf 84' lang='lat' dir='ltr'>nura</span> <span class='ocrx_word' id='word_1_367' title='bbox 705 4229 876 4312; x_wconf 84' lang='lat' dir='ltr'>appellatur</span> <span class='ocrx_word' id='word_1_368' title='bbox 910 4232 1011 4312; x_wconf 80' lang='lat' dir='ltr'>(ders.</span> <span class='ocrx_word' id='word_1_369' title='bbox 1041 4233 1128 4312; x_wconf 76' lang='lat' dir='ltr'>virg.</span> <span class='ocrx_word' id='word_1_370' title='bbox 1154 4234 1226 4296; x_wconf 79' lang='lat' dir='ltr'>Aen.</span> <span class='ocrx_word' id='word_1_371' title='bbox 1250 4223 1296 4300; x_wconf 70' lang='lat' dir='ltr'>lx,</span> 
     </span>
     <span class='ocr_line' id='line_1_46' title="bbox 240 4313 1294 4402; baseline -0.002 -24"><span class='ocrx_word' id='word_1_372' title='bbox 240 4313 343 4392; x_wconf 71' lang='lat' dir='ltr'>Mb),</span> <span class='ocrx_word' id='word_1_373' title='bbox 363 4331 441 4398; x_wconf 77' lang='lat' dir='ltr'>pune</span> <span class='ocrx_word' id='word_1_374' title='bbox 461 4314 603 4381; x_wconf 84' lang='lat' dir='ltr'>Gioeroni</span> <span class='ocrx_word' id='word_1_375' title='bbox 624 4316 677 4393; x_wconf 83' lang='lat' dir='ltr'>(ll.</span> <span class='ocrx_word' id='word_1_376' title='bbox 691 4315 782 4396; x_wconf 78' lang='lat' dir='ltr'>tttt,</span> <span class='ocrx_word' id='word_1_377' title='bbox 801 4320 833 4382; x_wconf 90' lang='grc'>6.</span> <span class='ocrx_word' id='word_1_378' title='bbox 846 4315 912 4397; x_wconf 83' lang='lat' dir='ltr'>tiu.)</span> <span class='ocrx_word' id='word_1_379' title='bbox 934 4317 1146 4402; x_wconf 87' lang='lat' dir='ltr'>spirabilis</span> <span class='ocrx_word' id='word_1_380' title='bbox 1163 4316 1294 4382; x_wconf 81' lang='lat' dir='ltr'>antuus</span> 
     </span>
    </p>
   </div>
   <div class='ocr_carea' id='block_1_10' title="bbox 0 0 1413 4918">
    <p class='ocr_par' dir='ltr' id='par_1_12' title="bbox 0 0 1413 4918">
     <span class='ocr_line' id='line_1_47' title="bbox 0 0 1413 4918; baseline 0 0"><span class='ocrx_word' id='word_1_381' title='bbox 0 0 1413 4918; x_wconf 95' lang='lat' dir='ltr'> </span> 
     </span>
    </p>
   </div>
  </div>
 </body>
</html>
