2950 4932
588 369 815 462 uirgarum
931 369 937 386 ‘
1163 375 1244 460 257

170 547 429 632 praetorianorum
453 545 575 610 militnm
596 545 791 610 amicorumve
811 541 950 610 docearis
970 523 1152 626 occurreret,
1179 563 1244 610 me-

172 655 227 698 nos
242 638 428 709 intentantes,
446 651 595 696 oausam
619 631 833 695 discordiarum
854 643 883 696 et
905 633 1057 696 initium
1079 651 1221 698 amomum.
1223 634 1243 668 ‘⁶

171 723 248 790 llam
270 723 298 784 li
315 721 474 782 accusativi
488 717 525 780 ad
548 721 826 800 praetorianos
846 720 1004 800 pertinent,
1026 738 1123 802 quos
1145 721 1243 782 inteu-

172 817 238 871 taut
260 825 370 868 manus.
413 805 474 867 Nec
493 821 565 866 uero
581 804 702 868 Laclm.
724 804 761 866 ad
781 805 828 868 El.
850 805 940 879 ΙΙΙ,5
942 853 950 880 ,
973 805 1008 880 (Ι.
1032 823 1058 867 e.
1077 805 1130 883 ΙΙΙ,
1153 808 1198 884 6.)
1210 809 1241 870 9.

173 903 256 956 recte
277 893 455 956 intellectum
478 891 574 954 locum
596 891 766 953 coniectura
780 891 999 954 lalsoteutaeit.
1027 891 1103 955 ilinc
1119 889 1242 956 emendo

174 979 261 1045 Ouid.
285 979 376 1042 Trist.
398 977 436 1052 ΙΙ,
459 980 528 1040 43.:
559 976 676 1050 „iamir
704 976 852 1040 Aristides
867 1011 905 1020 —
921 977 1045 1040 Milesia
1062 979 1242 1040 crimina-

174 1069 327 1128 serurs“.
346 1064 511 1142 iungere
533 1081 645 1124 sexus
672 1059 813 1140 (secum
839 1061 944 1141 arrigo)
969 1065 1045 1124 enim
1073 1063 1112 1126 ad
1132 1061 1243 1147 σχῆμα

173 1149 357 1232 γυναικεῖον
379 1151 444 1213 Vct.
469 1149 564 1211 Gloss.
588 1148 699 1224 relero,
729 1167 804 1228 quae
826 1151 955 1212 Milesiis
978 1149 1088 1211 fabulis
1112 1166 1242 1230 expone·

173 1239 293 1300 bantur.
343 1236 424 1298 llaec
454 1234 520 1296 dum
543 1235 700 1296 enarrabat
719 1233 865 1298 Aristides
886 1268 929 1278 —-
951 1237 1094 1298 crimen
1123 1235 1244 1297 courmi·
1346 1241 1349 1248 ’

174 1324 223 1386 sit.
267 1321 368 1404 Neque
390 1323 481 1400 igitur
503 1320 597 1402 (quod
621 1320 778 1382 absurrulum
801 1319 896 1398 sorel)
920 1322 1076 1384 crimine
1093 1321 1243 1403 appositio

175 1419 221 1473 est
239 1409 320 1471 uocis
342 1425 474 1481 sexus,
496 1407 549 1470 seil
572 1408 690 1469 totius
713 1406 924 1470 enuntiati:
945 1405 1032 1484 Quod
1054 1417 1152 1470 autem
1172 1407 1243 1469 Ari-
1277 1425 1285 1432 ·

174 1495 267 1558 stides
293 1495 356 1575 ipse
384 1493 527 1556 iecisse
555 1491 687 1567 ridetur,
721 1511 807 1572 quum
829 1502 939 1554 tantum
960 1493 1244 1572 factadescri-

174 1583 269 1664 psit:
290 1581 345 1642 luac
369 1578 405 1642 de
427 1580 524 1659 ligura
546 1578 583 1640 el.
606 1578 644 1638 ad
668 1597 694 1640 r.
715 1583 768 1640 ll.
812 1577 948 1641 Ceterum
968 1579 1244 1658 diuersaiuterpre·

175 1677 222 1731 tes
236 1667 315 1729 laiso
331 1667 463 1741 miscent,
487 1666 537 1745 qui
554 1674 582 1726 et
599 1663 646 1726 ΕΙ.
655 1664 691 1738 ΙΙ,
707 1668 758 1740 31,
773 1668 818 1726 ti:
841 1681 991 1728 carmem
1014 1667 1136 1740 lriare,
1157 1665 1244 1742 virg.

174 1759 249 1817 Aen.
271 1753 322 1827 ΙΙΙ,
345 1757 434 1816 sla:
464 1753 562 1827 „raris
586 1751 721 1812 turbatus
743 1752 864 1814 roribus
886 1751 1027 1827 hisco‚“
1054 1762 1082 1814 et
1102 1750 1186 1813 Pers.
1205 1749 1244 1825 V,

176 1843 226 1902 3.:
253 1839 376 1914 „fabula
397 1837 540 1900 hianda
563 1835 733 1914 tragoedo“
761 1837 847 1899 simul
868 1844 1050 1917 comparant.
1098 1836 1173 1898 Nam
1195 1835 1245 1900 liic

174 1926 248 2073 ill
257 1923 894 2090 ‘tlilldlrlllll'ullll,illel
908 1921 1244 2091 lllllelilll
1316 2011 1319 2016 ·

174 2115 247 2159 sero
277 2099 365 2158 etium
386 2096 558 2158 dissimilior
583 2095 667 2157 locus
690 2095 727 2160 de
749 2096 870 2158 Phoebo
899 2111 1131 2170 marmoreo,
1159 2093 1244 2192 opius
1378 2165 1380 2172 ¹

173 2181 263 2246 lalrra
285 2192 389 2264 aperta
407 2185 542 2264 spiritum
565 2183 698 2243 emittere
717 2180 961 2257 riderentur,
984 2198 1047 2243 curn
1069 2190 1165 2245 tamen
1182 2157 1244 2245 'uox

174 2287 235 2332 mou
255 2269 402 2331 audiatur.
447 2269 543 2332 Persii
565 2267 691 2348 denique
706 2268 947 2330 rersnsmaxime
970 2267 1085 2329 alienus
1107 2267 1245 2329 rictum

130 2418 135 2430 ,
173 2354 740 2437 personaetragicaedescriloit.
783 2353 886 2434 Neque
907 2353 999 2431 igitur
1020 2368 1176 2436 quiequam
1196 2352 1244 2416 his

174 2441 309 2504 omuibus
331 2441 407 2502 locis
426 2458 585 2515 commune,
605 2450 726 2521 praeter
748 2457 781 2500 os
802 2449 945 2522 apertum

250 2544 304 2590 v.
326 2531 356 2590 lo
377 2529 407 2589 6
430 2526 475 2588 De
495 2527 670 2628 metaphora
690 2526 729 2589 el.
753 2523 840 2590 adm
864 2528 915 2588 52.
939 2531 969 2587 et
989 2521 1089 2586 adlll.
1101 2523 1154 2600 ΙΠ,
1170 2526 1199 2600 Ι,
1212 2526 1244 2590 6.

277 2629 306 2676 r.
330 2616 356 2675 7.
380 2613 505 2674 cecini
527 2630 684 2692 operarum
707 2612 778 2678 uitio
797 2613 827 2673 in
850 2609 896 2672 ed.
911 2610 1033 2674 Lachm.
1045 2609 1210 2672 nemrim:
1200 2627 1246 2674 rr·

168 2699 304 2778 repsisse
326 2695 473 2778 quondam
496 2697 624 2772 credidi;
646 2716 721 2761 nunc
744 2713 781 2760 ex
801 2698 903 2762 Purccii
927 2697 1005 2758 libro
1028 2695 1207 2777 receptum
1198 2714 1246 2758 ru·
1274 2745 1277 2754 .

84 2853 95 2874 .
174 2785 279 2848 telleni
306 2783 359 2856 (cl.
379 2781 496 2846 lacobs.
516 2784 623 2847 Floril.
644 2803 675 2865 p.
698 2786 814 2862 205...)
850 2785 920 2848 Utut
941 2791 999 2856 est,
1026 2781 1104 2845 iuter
1126 2782 1246 2886 reliqna

174 2869 466 2970 plusqpamperlecta
485 2871 591 2933 risus
613 2888 724 2946 eram,
743 2869 930 2931 admoram
953 2861 1145 2968 perlectum‘
1129 2887 1165 2929 err
1179 2887 1246 2930 πα-

173 2949 346 3040 ραλλήλου
363 2956 488 3057 ppsitam
501 2955 576 3018 lerri
593 2973 651 3018 non
673 2971 772 3038 posse,
791 2959 894 3016 contra
913 2955 1076 3016 rectissime
1088 2954 1172 3016 iuxta
1192 2953 1245 3015 oi

176 3041 298 3106 itit-
320 3042 463 3104 cecinit
484 3041 614 3117 serili,'
605 3061 664 3104 ram
685 3039 934 3104 oliminAunall.
948 3038 1084 3101 llalense.
1107 3040 1244 3103 ιι..1639

174 3145 206 3211 p
223 3131 316 3194 1039.
339 3127 608 3192 demonstravimus.
651 3127 690 3190 Et
703 3127 848 3190 sententia
859 3130 902 3188 ita
918 3123 1029 3186 demum
1044 3125 1163 3204 integra
1178 3125 1246 3201 erit,

175 3222 209 3277 ut
229 3231 305 3295 quae
327 3216 461 3278 maxime.
505 3216 579 3280 Nam
601 3213 725 3276 Ennium
744 3221 859 3276 ueteres
872 3212 983 3275 Romae
1005 3212 1146 3274 historias
1166 3210 1246 3274 ceci·
1314 3255 1316 3258 ψ

175 3299 258 3362 misse
277 3299 325 3364 rel
348 3301 448 3382 pueris
470 3311 569 3363 notrum
593 3308 646 3363 est.
690 3299 878 3380 Propertium
901 3296 1062 3380 quidquam
1083 3295 1120 3359 de
1140 3295 1246 3361 Garie-

176 3387 229 3450 tiis
254 3393 283 3448 et
302 3385 434 3450 Horatiis
461 3387 650 3449 concinnasse
674 3403 760 3448 nemo
787 3385 911 3450 rettulit.
960 3385 1016 3447 llic
1038 3391 1135 3456 tamen
1158 3399 1246 3446 error

176 3473 369 3554 interpretum
391 3473 600 3552 corrigendus,
628 3473 658 3536 Ιιι
682 3491 767 3554 quem
787 3489 851 3535 uum
871 3471 1024 3571 prioribus
1050 3487 1105 3532 nos
1127 3485 1247 3570 qnoque
1326 3468 1334 3479 '
1459 3468 1460 3478 ’

179 3558 250 3621 olim
272 3557 438 3633 incidimus,
456 3559 624 3622 Aemilia
646 3568 731 3621 rate
753 3568 782 3622 et
803 3557 927 3635 regiis
948 3556 1124 3637 tropaeis
1142 3555 1246 3619 trium·

175 3644 266 3726 plum
285 3646 402 3708 Aemilii
423 3607 522 3708 Paulli
541 3644 731 3709 Macedonici
761 3643 797 3706 de
819 3643 932 3706 Persea
954 3659 1027 3721 rege
1048 3641 1140 3705 latum
1163 3641 1244 3714 (ΙΙΙ.

175 3727 271 3805 XLV,
291 3733 357 3804 65.)
378 3731 550 3833 significari
577 3749 641 3793 cum
663 3739 760 3794 tamen
782 3729 894 3793 Eunias
913 3745 1010 3809 meque
1031 3729 1062 3790 in
1081 3725 1246 3791 Annalibus

175 3834 274 3916 neque
291 3817 353 3878 alio
369 3817 437 3880 loco
459 3820 522 3881 eius
545 3818 591 3879 rei
612 3815 787 3880 mentionem
805 3815 913 3878 iecisse
934 3814 1076 3896 potuerit.
1126 3813 1247 3878 Obiisse

177 3898 254 3964 eninr
283 3920 349 3965 eum
369 3905 544 3984 poetan.
566 3903 695 3978 Marcio,
717 3903 771 3966 Gn.
799 3901 928 3964 Seruilio
953 3915 1030 3963 coss.
1059 3917 1089 3961 a.
1110 3899 1148 3962 U.
1170 3899 1246 3963 465.

178 4005 217 4050 ex
237 3990 555 4070 computationellarr.
577 3991 650 4054 satis
673 3997 787 4051 constat
809 3985 893 4061 (coll.
906 3986 968 4050 Cic
982 3984 1064 4050 Brut
1079 3988 1130 4048 29.
1152 3985 1177 4060 §-
1193 3985 1246 4050 79.

176 4072 287 4137 Euseb.
309 4093 337 4136 ιι.
353 4073 627 4154 crudeliltati.
646 4092 673 4138 e.
696 4091 773 4137 anno
796 4075 913 4152 integro
937 4084 1006 4135 ente
1027 4089 1114 4152 qoam
1134 4069 1246 4134 bellum

177 4159 404 4224 Macedonicum
430 4159 540 4224 finitum
571 4171 601 4224 et
633 4159 731 4241 spolia
756 4159 861 4223 Persei
888 4159 1010 4223 Romam
1048 4156 1136 4220 ducta
1169 4164 1247 4221 sunt

175 4244 260 4309 llaec
286 4247 381 4326 igitur
410 4265 486 4327 quae
514 4255 777 4310 commemorantur
805 4245 903 4328 spolia
935 4244 1022 4322 regia
1056 4242 1247 4306 Demetrii

175 4330 313 4398 Pinarii
334 4341 367 4400 ut
387 4332 513 4414 luerint,
539 4333 615 4398 ιιΙ..
636 4331 803 4402 Aemilio
830 4331 876 4398 M.
896 4329 932 4396 F.
951 4327 1090 4396 Paullo
1113 4337 1246 4412 recepte,
