2912 4920
579 331 828 424 Elec-ssut-
1182 340 1262 422 ote

180 505 279 566 unca
307 513 460 562 commane
487 499 657 568 haitanana
686 503 848 566 muriciam
878 500 987 581 gala,
1014 513 1047 568 nt
1068 515 1114 568 eet
1130 503 1181 584 ap.
1204 505 1253 568 la·

178 584 276 648 renel.
293 585 319 661 1,
339 589 412 650 146.
434 604 550 668 -qno
578 588 668 652 unito
691 587 769 650 idern
787 587 940 665 audacior,
963 588 1014 651 aed
1035 590 1073 653 ad
1096 591 1253 655 ridiculam

178 673 275 750 magio
310 672 502 754 componitnm
532 671 632 738 dicere
668 683 790 739 coactor
819 685 864 738 eat
891 676 926 751 V,
949 679 1038 740 ioh:
1076 678 1254 741 Montani

178 773 299 839 qnopne
320 769 459 822 center
487 758 582 822 adeat.
626 759 738 823 Eodem
760 761 889 842 pertinet
913 761 1073 842 „pnlpa“
1094 763 1191 828 Persii
1213 763 1252 841 11,

178 847 232 910 63.
253 853 285 908 et
304 842 436 910 loterel.
458 844 589 922 Xl,hd.:
612 845 732 910 Gortioe
753 847 910 911 athletico
933 848 1076 910 buccae
1099 851 1119 912 i.
1135 867 1162 913 e.
1183 850 1252 926 glo·

178 929 255 994 riori
279 938 309 994 et
329 931 479 1011 loquacea.
523 931 584 994 Sed
599 934 731 1012 proxime
749 933 875 996 omninno
890 942 993 996 nostro
1008 933 1251 1013 stt.1ot.xvtt,

178 1019 268 1084 litha
298 1017 468 1079 torridae
497 1029 697 1100 properantur
723 1021 848 1083 ommino
875 1020 1133 1099 linguae—i.
1156 1039 1182 1086 e.
1204 1024 1250 1086 in·

178 1103 297 1166 stabant
315 1103 381 1168 tata
402 1104 569 1167 iactanti
590 1113 619 1166 et
641 1105 820 1182 glorioso
842 1105 1022 1188 Syphaci.
1065 1107 1250 1189 Atiaqnant·

177 1190 224 1251 rie
240 1187 344 1267 igneis
364 1189 467 1252 iisdem
492 1187 680 1271 explicanda,
701 1193 781 1255 velot
802 1193 936 1256 cervix
957 1203 987 1256 et
1007 1193 1170 1272 sanguin
1190 1211 1247 1275 pra

177 1273 311 1336 hoatia
332 1274 411 1338 dicta
433 1275 547 1352 (lunen.
569 1275 635 1350 Xll,
660 1281 725 1354 13.)
748 1278 796 1341 rel
817 1277 925 1340 incra
946 1297 1083 1342 aerara
1104 1295 1161 1360 pro
1183 1281 1248 1348 hoa

177 1361 275 1422 mine
298 1361 404 1424 tetrico
426 1369 456 1424 et
475 1363 561 1442 grani
578 1362 680 1434 (ovid.
696 1363 848 1440 11241),
871 1365 967 1428 aciens
989 1373 1158 1468 praetereo.
1188 1365 1249 1430 Ex·

177 1447 315 1528 quiritino
335 1448 411 1522 iam,
441 1457 470 1510 et
487 1447 570 1529 ‘qnod
599 1451 722 1529 propina
743 1451 800 1511 hoc
819 1461 932 1531 spectet
951 1469 1023 1535 xmp
1045 1467 1100 1531 pro
1123 1452 1247 1526 artifice.

175 1540 210 1596 ot
228 1541 274 1596 eet
294 1531 511 1615 ap.·Poaidipp.
534 1535 631 1615 epigr.
651 1533 730 1598 XiV.
751 1535 827 1598 Ano.
842 1536 894 1600 Br.
918 1537 954 1600 Τ.
969 1537 1005 1602 tl.
1027 1555 1056 1616 p.
1072 1539 1142 1602 dih:
1163 1531 1247 1602 Ad·

175 1633 327 1696 namma,
350 1615 483 1682 πλάστα
501 1612 671 1696 Σικυώνια,
692 1615 868 1704 θαρσαλέη
886 1615 968 1706 χείρ.
1018 1623 1094 1687 Nam
1116 1626 1248 1707 capite

176 1711 208 1768 et
233 1713 371 1786 pectus
398 1715 428 1770 et
458 1706 579 1770 corda
605 1707 664 1768 iam
689 1707 834 1770 commoni
858 1725 911 1770 nan
932 1717 999 1772 sont
1020 1717 1154 1792 accepta.
1198 1709 1246 1776 Gi.

175 1797 273 1854 umen
293 1791 329 1868 Q.
352 1791 387 1856 Ρ.
408 1792 448 1869 11,
468 1797 499 1857 6.
522 1792 550 1878 5.
574 1793 625 1856 28.
647 1811 676 1874 p.
702 1795 772 1856 tot.
796 1811 820 1854 e.
844 1791 892 1858 lin.

277 1880 445 1942 661111
473 1877 529 1941 hoo
557 1895 645 1940 neren
666 1879 763 1942 critici
789 1878 840 1940 din
867 1879 1050 1942 continenter
1072 1879 1244 1945 Praeeratio
1315 1877 1318 1884 “

175 1959 251 2026 doce
272 1979 366 2030 morae
381 1963 515 2026 diotichir
529 1963 754 2046 transponendis
769 1965 871 2026 torhar
887 1975 1020 2044 eperum
1049 1963 1111 2028 Nec
1123 1965 1244 2030 Lachm.

174 2065 291 2110 manum
312 2051 443 2126 retinnit,
465 2049 532 2116 dnm
552 2069 598 2112 ιι.
622 2055 672 2114 67.
687 2054 780 2114 occa.
800 2061 869 2133 post
889 2070 918 2132 p.
934 2055 985 2114 46.
1007 2051 1153 2131 impingit.
1195 2055 1245 2128 Aa,

173 2133 320 2216 prolecto,
340 2153 399 2199 non
421 2136 623 2212 commisisset,
645 2137 785 2200 modone
803 2147 921 2220 poetam
942 2142 1106 2216 argument
1129 2139 1246 2217 magni,
1323 2188 1326 2198 .

173 2219 277 2284 moine
304 2222 460 2304 abreptum
486 2231 516 2286 et
545 2240 641 2305 paene
665 2223 892 2288 debacchantem
923 2223 1081 2286 rerhorom
1111 2223 1243 2288 rationes

117 2301 125 2312 “
173 2307 275 2372 eohric
303 2316 334 2372 et
357 2309 556 2374 adamussim
589 2309 755 2391 expendere
783 2321 812 2372 et
839 2310 985 2372 orationis
1020 2311 1172 2372 iuncturae
1204 2311 1242 2374 ad
1382 2317 1387 2322 '

172 2409 302 2472 ιιιςιιιιιιι
325 2397 450 2475 exigere
467 2397 665 2478 poposciaeet.
709 2395 799 2459 immo
813 2398 843 2458 in
864 2404 944 2460 tanto
960 2394 1066 2459 edocto
1082 2405 1246 2476 praerupta

170 2495 231 2542 nox
249 2487 338 2564 atpnte
355 2481 431 2544 adeo
452 2482 658 2545 sententiarum
672 2483 791 2562 qnidam
803 2484 900 2546 hintno
923 2481 1060 2544 decorem
1077 2492 1106 2545 et
1126 2481 1245 2544 landem

170 2565 271 2630 hahet.
314 2567 406 2630 Recte
427 2569 521 2646 igitur
540 2566 666 2649 Volpioe
680 2587 708 2631 o.
724 2573 775 2632 69.
791 2579 820 2631 et
833 2573 885 2634 co.
909 2567 1152 2632 exclamationem
1176 2584 1243 2632 eoae

172 2651 258 2726 dixit,
280 2670 456 2734 quamquam
472 2655 503 2716 in
524 2669 560 2716 eo
580 2653 684 2730 lalana,
707 2652 788 2735 qnod
809 2654 972 2718 roeanoi
994 2671 1066 2716 casa
1082 2654 1163 2718 edita
1177 2665 1244 2718 cre·

172 2736 276 2820 dioto„
301 2738 431 2803 Proreus
453 2739 531 2802 enim
553 2739 656 2802 eodem
680 2741 766 2804 rnodo
788 2747 819 2804 ot
839 2739 942 2804 eadem
963 2739 1169 2819 indignatione
1190 2756 1243 2802 ex·

172 2823 300 2910 ommate
327 2835 410 2900 root,
436 2833 525 2906 atone
546 2823 719 2889 Porciorum
741 2823 815 2890 illud
844 2825 909 2894 Sat.
930 2826 955 2902 1,
976 2831 1043 2890 titia
1073 2857 1115 2868 --
1133 2827 1242 2888 Arme

171 2911 311 2975 rirnml
334 2911 381 2974 Gi.
401 2911 483 2989 Q.P.
505 2910 543 2984 11,
558 2915 589 2976 o.
613 2929 637 2972 a.
652 2910 691 2975 11.
714 2909 742 2993 p.
757 2919 786 2974 2.
808 2930 839 2993 p.
859 2915 927 2974 113.
949 2911 1242 2992 ado.thio.p.126.

172 2995 311 3060 Ceterum
333 2997 561 3060 monimenta
580 2997 726 3078 Syphacis
748 2999 804 3060 hoc
824 2996 941 3078 qnidem
960 2998 1028 3060 loco
1048 2998 1160 3062 hebere
1181 3015 1241 3078 qno

170 3081 323 3158 odendaa,
349 3099 406 3146 non
439 3083 628 3162 negaverim,
655 3099 718 3146 com
746 3083 843 3147 atatim
864 3101 891 3146 ι.
914 3087 967 3148 61.
989 3085 1020 3146 in
1049 3083 1150 3146 eadem
1169 3081 1241 3146 sede

169 3167 249 3231 idem
270 3170 390 3232 rethom
412 3168 539 3246 legator.
590 3168 654 3231 lloc
680 3178 777 3232 antem
796 3169 1003 3232 Lachmannna
1028 3170 1160 3232 obiicere
1180 3187 1241 3234 nox

170 3253 311 3331 debehat,
336 3255 417 3338 qood
438 3257 476 3318 oh
499 3254 662 3335 Syphacem
683 3253 825 3320 donintona
855 3255 939 3319 nnlha
960 3255 1092 3335 Scipioni
1113 3273 1241 3318 monn·

169 3349 296 3404 menta
316 3343 416 3423 posita
437 3341 558 3404 inerint.
602 3339 675 3404 liam
693 3351 932 3405 monumenta
955 3343 1053 3424 omnia
1067 3352 1142 3421 eunt,
1163 3359 1242 3424 poan

170 3427 245 3490 iacti
274 3427 399 3493 alicuius
428 3425 641 3490 admonent
688 3425 791 3508 Neqne
820 3427 911 3490 aliter
938 3447 965 3491 r.
987 3432 1039 3492 61.
1063 3427 1144 3491 dicta
1173 3441 1241 3492 aunt

169 3511 267 3578 Gurtii
289 3523 534 3589 monomenta,
565 3530 642 3594 quae
663 3513 793 3576 ahonrde
814 3514 997 3576 Burmannus
1019 3531 1119 3576 arom
1147 3512 1186 3576 oh
1210 3513 1240 3576 id

170 3599 304 3662 meritum
328 3600 454 3662 dicatam
481 3601 700 3680 interpretator.
754 3599 850 3682 Ipsam
874 3601 949 3662 enim
977 3599 1154 3662 lacunam
1175 3617 1240 3662 ex·

167 3685 312 3768 phetam
333 3685 464 3764 intelligi
483 3688 541 3748 iam
556 3684 704 3748 ablatione
727 3686 780 3748 ille
803 3685 953 3759 declarat3
974 3686 1042 3766 plna
1059 3701 1131 3748 cero
1152 3686 1239 3748 etiam

168 3771 292 3835 rethom
310 3772 464 3848 statuit,
491 3772 577 3853 qnaai
599 3772 669 3853 ipae
686 3771 806 3835 corrone
828 3773 975 3849 voragine
993 3773 1116 3836 haustae
1137 3789 1238 3835 aram

168 3857 228 3922 aihi
256 3859 455 3922 statuerit.
504 3857 557 3921 Sic
582 3857 631 3922 rel
658 3857 826 3939 pelagos
855 3857 969 3925 lonium
1003 3865 1239 3921 monumenta

168 3943 266 4008 loliao
289 3945 412 4008 oarime
430 3942 579 4008 dicontur.
622 3944 697 4007 eod.
720 3945 851 4027 interpp.
874 3943 913 4006 ad
937 3943 1009 4006 lior.
1029 3943 1086 4010 Od.
1104 3945 1127 4020 1,
1141 3949 1171 4018 6,
1189 3947 1238 4007 lh.

169 4028 235 4094 cic.
254 4031 321 4094 llio.
343 4031 368 4106 1,
388 4033 439 4094 28.
457 4029 544 4094 aha
587 4027 687 4108 Qoare
709 4039 879 4112 tropaea
898 4029 948 4093 rel
967 4030 1101 4112 apolia
1122 4029 1240 4110 Sypha-

168 4117 213 4179 cia
234 4115 266 4179 in
283 4115 433 4198 Gapitolio
454 4115 504 4179 vel
520 4133 697 4198 quocunque
718 4117 862 4180 alioloco
883 4117 982 4198 ponito
1004 4125 1242 4200 monumenta

165 4201 314 4285 Syphacis
341 4213 424 4267 recte
452 4199 513 4264 dici
542 4205 703 4284 potuerint.
768 4203 807 4267 Aa
835 4220 873 4266 ne
893 4201 968 4266 illod
997 4202 1132 4284 quidem,
1161 4199 1242 4282 qnod

164 4287 291 4358 Locha.
314 4297 546 4368 decoctionum
568 4297 622 4370 eat,
643 4289 690 4354 hir
711 4289 887 4356 hrerieaino
907 4290 1007 4374 spatio
1027 4285 1158 4354 aionien
1174 4288 1241 4354 Sei·
1300 4316 1307 4382 '.
