2912 4920
223 280 226 294 ⁵
271 307 350 390 854
390 349 394 360 ·
554 375 562 390 ,
606 311 865 382 Commentmius
885 311 920 380 in
940 311 1038 402 Prop.

274 425 434 566 praeieuea
454 463 546 548 aiialt
561 491 592 548 et
612 486 760 567 poetieam
778 483 968 550 matronium.
990 483 1038 552 Gi.
1058 486 1097 566 Q.
1116 483 1152 550 Ρ.
1174 483 1230 552 ll.
1248 485 1327 572 pil.

169 587 173 602 ·
275 587 306 653 p.
331 573 393 634 loo
406 587 451 650 sq.
503 567 549 634 Na
576 571 684 650 multa,
711 581 776 636 utut
802 572 1083 637 lomoetiamtuua
1110 573 1330 648 triumuirum,

278 657 483 721 mortalem
509 667 605 720 muron
631 666 722 741 poeta
748 675 933 738 nequaquan
958 657 1060 724 dioera
1086 661 1199 741 potuit,
1233 660 1330 740 quippe

277 744 326 806 oui
354 741 689 807 immortalitatem
718 746 807 806 certis
836 742 957 807 deorum
986 746 1057 808 latis
1079 747 1250 826 promissam
1274 763 1330 808 esse

275 829 419 903 uniuersi,
442 828 571 892 etiamsi
593 829 643 909 qni
666 839 766 894 uetera
780 829 966 906 dissentiunt,
986 841 1107 895 autores
1118 831 1271 894 aiirmant.
1291 829 1330 892 Gi.
1415 839 1416 888 ι

275 915 362 980 Seru.
386 911 425 976 ad
446 914 531 991 virg.
552 914 575 977 Ι.
596 913 617 978 Ι.
639 934 667 980 u.
687 920 760 980 271.
782 917 846 980 Lis.
870 916 958 978 ilion.
981 917 1049 980 lial.
1071 916 1105 979 ΙΙ.
1120 935 1164 982 oo.
1208 917 1330 980 (Ieterus

276 1001 414 1066 dextra
439 1011 649 1082 quaereret
675 1001 805 1078 urbes,
833 1020 872 1064 ne
893 1019 957 1064 oum
976 1002 1128 1066 Beroaldo
1160 1001 1333 1066 conderet

276 1089 378 1158 maiia:
404 1085 542 1152 Latinum
570 1105 636 1150 ease
665 1087 739 1150 iliud
763 1098 793 1152 et
813 1087 852 1150 ad
880 1089 1055 1152 senteutiam
1075 1089 1255 1172 aptissimum
1274 1097 1333 1168 post

274 1173 409 1238 Broolh.
430 1173 634 1236 Laoimaunus
648 1173 717 1236 coll.
733 1173 818 1254 Virg.
832 1173 941 1244 Gatall.
953 1175 1007 1248 ΧΙ,
1020 1179 1074 1240 53.
1093 1175 1208 1240 Luoan.
1221 1175 1257 1250 ΙΙ,
1268 1178 1332 1238 nil.
1415 1199 1416 1236 ι

274 1259 388 1324 doouit.
409 1291 454 1306 -
505 1259 621 1322 Ileiuda
641 1278 668 1323 u.
692 1264 723 1322 6.
743 1262 875 1340 quamuis
903 1262 934 1322 in
953 1263 1118 1324 uniuersum
1149 1268 1230 1325 reete
1251 1259 1333 1322 Tle-

274 1347 411 1410 luanum
441 1344 545 1408 deum
566 1379 608 1390 -
629 1345 771 1430 Thebis
809 1347 932 1409 maxime
962 1347 1071 1410 cultum
1103 1348 1334 1428 interpretantur,

274 1431 333 1496 luoo
354 1431 600 1514 tamemamplius
618 1449 862 1510 commemorasse
888 1441 1013 1514 propter
1033 1449 1134 1496 uocem
1170 1431 1335 1514 opmluala
1415 1467 1416 1516 1

276 1517 436 1594 debellant,
455 1517 695 1581 coniunctam
712 1519 865 1600 utriusque
878 1521 1003 1580 numinis
1019 1527 1049 1581 et
1061 1519 1201 1582 Baooiui
1216 1527 1245 1581 et
1260 1517 1334 1581 ller-
1415 1525 1416 1584 l

275 1603 382 1667 oulis
406 1603 642 1683 religionem
670 1613 801 1666 ueterum
824 1605 1015 1668 monumentis
1038 1605 1149 1686 passim
1171 1602 1335 1683 significari.
1415 1599 1416 1606 ’

273 1691 339 1766 Sia,
361 1707 425 1756 oum
446 1690 589 1754 Hercules
611 1688 836 1771 triumphantem
849 1691 996 1754 Baooium
1020 1683 1177 1754 comitatur
1200 1691 1336 1762 <viscort

272 1777 354 1840 Mus.
376 1775 535 1858 Capitolio.
556 1775 606 1840 ΙΙΙ.
629 1777 690 1838 tob.
713 1779 791 1852 67.),
811 1774 860 1839 rel
880 1776 984 1840 eodem
1004 1793 1093 1841 ourru
1115 1777 1232 1842 uoluitur
1251 1775 1338 1854 (Mus.

273 1861 311 1926 1³.
332 1861 441 1927 univ.
463 1863 525 1926 tau.
540 1865 617 1941 ed),
636 1861 684 1924 uel
705 1865 792 1926 etiam
814 1879 878 1924 oum
900 1864 1072 1943 Satyrorum
1093 1862 1263 1944 Parumque
1276 1861 1339 1924 oio·

274 1949 317 2012 ris
339 1948 572 2029 tripudiantibus
599 1949 723 2028 stipatus
746 1947 873 2024 inuadit,
899 1951 975 2014 siout
995 1968 1043 2030 ap.
1065 1949 1197 2014 Visuim
1220 1949 1242 2014 Ι.
1263 1947 1285 2010 Ι.
1306 1943 1338 2010 Τ.

220 2044 226 2056 ’
273 2033 341 2098 vii.
362 2036 492 2098 tab.10.
514 2034 594 2096 Mus.
616 2033 765 2098 Ghiaraun.
786 2035 912 2098 tendi.
955 2035 1100 2115 Denique,
1121 2034 1202 2116 quod
1223 2049 1339 2118 prorsus
1376 2037 1381 2050 '

272 2120 337 2185 W.
350 2119 415 2183 ΙΙΙ).
435 2119 572 2184 uidentur
592 2121 832 2202 praeteruidisse,
855 2119 929 2184 deno
950 2122 1004 2184 ille
1025 2120 1123 2184 muudi
1138 2132 1276 2186 seruator
1295 2136 1339 2182 uu·

272 2203 402 2268 inbrium
432 2221 551 2288 quoque
572 2204 712 2281 fontium,
741 2206 986 2273 Thermarum
1005 2207 1154 2289 imprimis,
1176 2208 1272 2272 tutela
1291 2213 1340 2268 est.

255 2291 350 2356 'Hine
372 2293 537 2356 lleraoleae
559 2291 804 2366 Trachiniorum,
826 2293 895 2356 luino
917 2293 1040 2368 Tiburi,
1062 2294 1128 2356 lino
1149 2293 1279 2376 denique
1300 2291 1340 2352 his

272 2378 349 2460 ipsis
369 2378 478 2441 Baiis
500 2379 572 2441 fauo
590 2379 694 2442 habuit
714 2389 744 2442 et
762 2395 861 2442 saera.
904 2379 952 2443 Gi.
972 2379 1099 2442 Pausan.
1120 2376 1158 2454 li,
1182 2387 1234 2444 22.
1257 2375 1341 2459 Apol·
1415 2371 1416 2424 Ι

164 2482 167 2495 ’
273 2463 706 2544 luu.nrg0uaut.1v‚445.
754 2465 881 2546 Biagius
909 2464 1107 2546 Carpophilua
1143 2467 1182 2528 de
1210 2461 1341 2530 Thermis

273 2549 436 2616 lieroulau.
465 2569 496 2632 p.
518 2555 640 2634 30sqq.
684 2551 814 2632 interpp.
841 2551 879 2615 ad
905 2551 953 2615 ΕΙ.
981 2552 1018 2626 ΙΙ,
1040 2555 1091 2627 32,
1112 2553 1144 2615 5.
1169 2551 1220 2628 ΙΙΙ,
1244 2555 1274 2626 7,
1295 2552 1343 2612 82.
1415 2583 1416 2586 π

272 2636 366 2703 Vides
401 2647 511 2718 quanto
550 2637 609 2700 iam
637 2639 751 2700 maiore
777 2640 843 2700 iure
869 2638 961 2700 Baiae
989 2647 1080 2718 poeta
1105 2635 1343 2716 indignabundus

273 2734 482 2806 percontetur,
505 2724 571 2805 quis
593 2741 689 2786 nuno
704 2722 788 2786 deus
810 2724 952 2786 noxius
975 2723 1004 2786 in
1026 2723 1115 2785 illis
1139 2726 1257 2806 aquia
1278 2739 1345 2786 oon-

273 2807 394 2885 atiterit,
411 2818 525 2873 autea
546 2809 683 2872 lieruulis
703 2812 821 2872 numine
841 2809 1080 2872 salubribus.

376 2915 405 2960 u.
428 2899 478 2959 10.
499 2895 622 2959 nauum
652 2898 696 2958 sio
715 2895 849 2960 distinxit
867 2894 970 2958 uerba:
1004 2895 1127 2958 Errat
1154 2903 1193 2959 et
1221 2895 1263 2958 in
1283 2908 1344 2956 ue·
1415 2941 1416 2974 ,

273 2994 360 3048 atro
375 2983 552 3065 spiritua,
568 2981 654 3056 ille,
673 2981 777 3057 leou;
800 2991 912 3044 elaeae
927 2982 1345 3063 primusseooentiamueram,

273 3089 364 3154 wem
386 3087 424 3133 eo
443 3069 680 3149 interpunctione
702 3067 1015 3147 significari-uolebat,
1046 3069 1136 3130 aruit.
1185 3069 1273 3131 liano
1294 3081 1345 3128 uos

272 3173 395 3242 quoque
416 3155 556 3237 amplexi,
583 3171 642 3217 non
663 3161 760 3216 mosen
780 3151 850 3218 ideo
875 3171 993 3219 uersum
1010 3153 1135 3234 virgulis
1156 3153 1201 3219 ita
1223 3155 1354 3228 minuta:

272 3245 326 3310 tia
348 3241 466 3306 ooroidi
487 3259 561 3322 opus
583 3257 649 3304 ease
669 3239 812 3304 duximus.

219 3399 220 3406 ,
376 3347 404 3392 u.
427 3333 479 3392 12.
500 3326 721 3408 amplexum.
743 3325 894 3406 Souliger.
914 3325 1093 3406 amplexo
1116 3325 1153 3390 oi.
1175 3325 1347 3388 Adserno
1415 3327 1416 3366 l

273 3431 342 3478 nam
369 3413 507 3477 ladrum
531 3422 687 3492 utrumque
713 3411 807 3476 bene:
835 3412 874 3476 oi.
901 3410 1042 3475 Ruddim.
1067 3411 1138 3476 lost.
1165 3431 1195 3492 p.
1221 3413 1274 3476 15.
1302 3407 1346 3472 ed.
1415 3479 1416 3488 ἵ

273 3501 312 3566 Ιι.
339 3501 490 3581 Krueger.
516 3497 568 3564 Gr.
589 3498 657 3562 Lat.
679 3501 805 3579 poso.
822 3497 850 3582 p.
873 3499 948 3562 482.
990 3497 1083 3562 Recte
1111 3499 1205 3577 igitur
1225 3496 1346 3562 Laoium.
1415 3497 1416 3570 Ι

272 3585 361 3652 oodd.
382 3589 561 3669 scripturam
577 3583 720 3649 vindieat.
1415 3583 1416 3672 p

375 3692 404 3739 r.
418 3678 469 3738 14.
491 3671 536 3736 Et
554 3689 621 3754 per
642 3679 834 3734 maternae
856 3665 978 3732 omnia
998 3677 1109 3748 gesta
1130 3685 1272 3732 manua.
1294 3666 1347 3730 Su·

272 3760 311 3825 tis
324 3761 442 3826 inioete
455 3759 644 3824 Passeratius
660 3757 787 3820 omnia
807 3757 1028 3837 iuterpretatur,
1049 3773 1181 3837 quaeoun
1204 3773 1245 3819 ue
1259 3752 1344 3816 ruodo

271 3846 447 3930 Propertius
468 3843 704 3927 permutauerit..
731 3843 862 3906 Omnia
884 3842 959 3904 enim
981 3840 1036 3902 illa
1060 3775 1211 3906 marceni
1237 3855 1346 3920 aegro·
1415 3891 1416 3922 ,

273 3941 355 3996 mute
377 3934 415 3994 ab
438 3930 564 3995 Octauia
584 3938 678 3992 matre
696 3945 752 4008 pro
773 3927 835 3991 tilio
853 3927 944 3990 aedili
958 3925 1163 3990 administrata
1183 3944 1266 3990 esse.
1288 3925 1346 3988 Ab·

272 4017 396 4080 surdior
414 4033 487 4078 uero
507 4013 646 4077 Koinoel.
670 4015 721 4095 qui
743 4013 855 4078 dietata
874 4014 991 4076 recinit.
1041 4009 1119 4090 Quid
1147 4015 1224 4076 enim
1249 4009 1345 4074 lendis

273 4101 344 4162 inda
364 4099 490 4163 labaret
517 4099 596 4180 quod
617 4109 760 4179 aegrotus
787 4109 876 4176 esset,
908 4109 960 4162 aut
986 4097 1077 4179 quod,
1106 4116 1182 4180 quae
1202 4099 1273 4162 eius
1295 4114 1347 4158 no·
1415 4091 1416 4158 Ι

168 4209 172 4216 ·
273 4186 354 4248 mine
374 4183 660 4260 administrarentur,
681 4187 746 4266 ipse
767 4203 860 4264 ogere
879 4203 949 4248 non
970 4185 1138 4267 potuisset?
1174 4183 1256 4262 Quid
1277 4181 1346 4248 Vol·

273 4268 1416 4354 mmfflmfflfflmfflfflw
