2812 4918
486 388 587 483 Eleg.
605 387 667 474 IV,
689 391 725 464 6.·
1067 388 1156 479 469

78 564 189 650 quaerit
204 563 273 630 Gir.
293 563 434 632 Beoluius.
474 563 706 651 Respondebam
726 565 864 653 exempla
882 565 921 651 Ω.
938 563 976 635 P.
995 565 1041 651 ll,
1060 571 1092 636 4.
1113 587 1163 660 p..

78 659 129 720 ⁷8⁸
149 657 353 813 eopgppnpt,
387 735 468 818 quoi
494 755 598 802 errore
625 755 690 802 meo
719 746 771 805 snt
805 756 965 824 operarum
997 741 1031 805 iu
1060 739 1144 806 oril-

78 841 139 889 uen
159 833 309 908 receptura
329 831 389 898 est,
413 831 494 887 reete
515 825 550 889 G.
569 833 600 887 et
616 825 654 888 ΙΙ.
675 826 820 889 ornittnut.
869 827 916 892 Gi.
939 827 976 906 Q.
997 825 1033 893 Ρ.
1051 827 1088 905 ΙΙ,
1110 831 1143 894 6.
1227 849 1232 858 ’

76 929 107 994 p.
129 913 198 975 12.ἰ.
218 913 311 985 iarn,
337 907 414 990 quod
435 909 522 973 outlil.
547 927 646 974 omnen
668 917 698 975 et
719 911 786 990 edd.
806 919 878 976 vett.
899 922 1031 992 tuentur,
1051 913 1143 979 nulio

78 997 240 1077 elegantius
262 1006 293 1061 et
313 995 488 1072 euidentius,
511 1013 597 1076 quarn
617 997 699 1061 ieta
715 997 879 1079 Duosqueii
900 1008 930 1063 et
940 997 1055 1062 lleiueii
1070 1016 1143 1063 oon-

76 1083 197 1158 ieetura,
218 1090 285 1146 aute
299 1083 417 1146 Laeln.
438 1090 534 1145 tanen
554 1083 665 1166 peusin
684 1090 816 1168 reeepta.
858 1085 897 1149 At
909 1091 992 1150 reete
1008 1086 1057 1150 lie
1071 1103 1145 1152 oon·

75 1169 134 1234 lert
144 1170 236 1236 Varr.
247 1187 297 1250 ap.
318 1167 394 1233 Non.
414 1168 466 1244 vl,
480 1172 541 1234 16.
783 1189 787 1198 “

173 1273 204 1320 ι.
227 1258 278 1318 28.
298 1267 383 1317 una.
403 1255 593 1320 Veriusinann
613 1254 689 1318 lnnno
710 1252 812 1320 Volsci
840 1253 1055 1334 oonieutursur,
1082 1273 1144 1338 que

74 1338 122 1428 illi
142 1339 338 1424 interpoletur
358 1340 487 1404 librili.
508 1348 537 1404 et
556 1339 612 1404 Ed.
632 1342 706 1406 Veu.
729 1344 822 1404 1472.
848 1343 987 1424 priueeps
1013 1340 1143 1424 (Baebio

74 1431 162 1506 teste)
177 1435 207 1490 et
221 1428 254 1490 P.
276 1427 474 1508 praeiverant,
494 1427 630 1508 reeipere
652 1443 717 1489 eun
730 1425 840 1490 lseobo
856 1444 916 1490 non
937 1427 1143 1510 dubitavimus,

74 1511 310 1594 necquidquam
338 1529 473 1575 enraaus
499 1511 655 1575 latrantem
680 1511 914 1590 Broululrusiunr,
941 1515 992 1596 qui
1018 1514 1142 1581 rubiono

74 1598 180 1661 similis
202 1599 234 1660 iu
250 1596 356 1660 ltulnnn
376 1597 460 1660 illurn
480 1597 773 1672 inuehitur‚aseilioet
794 1597 874 1679 quod
895 1597 932 1662 ab
947 1600 1018 1664 aliis
1038 1600 1142 1667 alias

74 1683 369 1747 etiuuriusnlno
397 1699 551 1748 errasse
580 1684 726 1766 quondan
753 1684 934 1760 traderetur,
960 1693 995 1749 ut
1023 1705 1043 1750 a
1069 1687 1143 1755 Seu.
1203 1687 1209 1698 '

73 1770 111 1847 Q.
133 1769 168 1832 N.
189 1769 239 1843 ΙΙΙ,
262 1771 313 1834 25.
331 1769 409 1835 Plin.
429 1769 466 1832 ll.
486 1771 523 1834 ΙΙ.
544 1769 583 1845 ΙΙ,
599 1773 652 1835 95.
679 1768 747 1850 lpse
761 1787 864 1834 orasse
877 1770 1030 1836 Minerua:
1052 1780 1142 1838 ante

70 1855 197 2003 peperit,
217 1855 298 1937 quoni
314 1873 409 1964 osope
430 1854 468 1918 ad
489 1857 649 1920 nouissima
665 1855 741 1920 haee
760 1863 893 1940 tempora
913 1858 945 1920 iu
963 1857 1143 1925 editlouilnus

94 1942 178 2006 uenit.

175 2044 204 2091 ι.
230 2029 282 2092 29.
302 2025 362 2092 Vix
381 2023 525 2092 credibile
543 2033 597 2104 est,
617 2025 697 2109 quoii
719 2023 789 2090 Gir.
806 2025 898 2091 Baol.
918 2027 951 2090 in
971 2028 1059 2093 1ιιίιιι
1078 2029 1142 2094 loel

71 2112 316 2196 interpretatione
335 2114 490 2188 conmisit,
510 2120 544 2174 ut
563 2112 599 2176 ule
620 2113 714 2177 Sole
746 2121 868 2194 repente
893 2113 1142 2182 eluoeseeute

70 2199 227 2278 cogitaret.
268 2199 353 2278 Ergo
374 2198 500 2262 Solen
523 2209 832 2264 auteaeonnuoraturu
846 2199 1025 2266 orsianus?
1056 2201 1142 2268 lluue

71 2301 140 2346 esse
161 2300 293 2349 nonan
314 2285 479 2359 innuen,
499 2285 576 2348 lune
596 2287 628 2347 in
650 2285 849 2367 obliquum
869 2285 990 2350 iaeeur
1018 2286 1143 2368 luxisse,

69 2371 148 2434 huno
175 2377 238 2432 ter
272 2371 484 2434 aiuuetumi
525 2371 648 2434 Maiora
678 2371 779 2452 utique
802 2371 861 2434 ists
894 2373 1142 2455 suut-miranula,
1200 2416 1204 2424 -

69 2474 157 2538 quan
178 2454 328 2520 llamura
347 2457 403 2520 illa
423 2457 573 2538 tripartite
593 2457 670 2520 alias
687 2474 806 2538 quoque
827 2459 1057 2538 proesentis
1078 2479 1142 2523 un·

68 2543 183 2606 ruinis
203 2544 321 2618 nuntia,
342 2543 422 2608 uelut
444 2561 492 2624 ap.
519 2543 606 2607 orii.
628 2545 749 2608 Metam.
775 2539 814 2618 X,
836 2545 909 2608 275.
952 2543 1016 2607 Sed·
1033 2545 1142 2611 leiellil
1229 2549 1238 2569 ⁰

67 2629 135 2691 siue
158 2627 247 2690 dunis
273 2631 367 2692 uiruuu
396 2628 529 2710 elloquio
558 2629 689 2692 sobrium
709 2636 739 2692 et
758 2626 840 2706 frugi
859 2629 967 2710 lleynii
987 2632 1142 2696 annotatio

68 2713 110 2776 an
129 2713 213 2792 Virg.
232 2713 305 2777 ileu.
326 2713 404 2790 Vlll,
424 2715 496 2779 678.
518 2714 646 2777 ieiunius
678 2714 789 2796 utique,
811 2731 899 2794 quarn
920 2723 1026 2795 poetae
1044 2716 1139 2781 iuter-

66 2809 183 2882 preteun
212 2798 353 2876 sleuelrut,
383 2817 423 2863 ex
450 2799 594 2862 miraculo
622 2816 723 2862 rerum
751 2800 959 2866 eonieotuntis..
1016 2802 1057 2864 nt
1085 2803 1141 2867 ille
1179 2855 1182 2861 .

65 2885 173 2948 saltem
194 2886 341 2967 interpres
365 2892 446 2962 erut,
474 2886 521 2947 eni
550 2887 581 2947 in
609 2885 684 2966 ipsis
708 2883 817 2948 iabulis
838 2887 991 2968 historinrn
1013 2903 1140 2968 querere

64 2971 155 3034 lieet:
176 2971 225 3033 lie
246 2981 347 3034 noster
366 2971 539 3054 Propertius
559 2979 659 3056 poeta,
682 2989 778 3055 quem,
798 2988 836 3035 ne
854 2972 974 3058 seepius
994 2989 1140 3058 moneam,

65 3055 263 3122 credulum
285 3063 515 3139 esseopurtet.
585 3060 596 3136 l

172 3160 201 3208 n.
224 3146 275 3206 29.
294 3144 450 3226 puppiru
479 3161 518 3206 ex
545 3141 633 3206 libris
658 3160 728 3207 nrss.
756 3141 877 3207 Leelrrn.
899 3141 1058 3228 Propertio
1088 3159 1141 3210 re·

63 3226 175 3292 stituit.
213 3227 259 3291 (ll.
274 3227 306 3293 G.
321 3228 495 3294 Schneider.
518 3228 555 3292 ule
571 3229 697 3310 Etymol.
720 3247 751 3311 p.
767 3232 839 3294 298.
861 3229 921 3294 leur
939 3249 967 3296 ι.
985 3235 1139 3299 sl-ee.

63 3313 106 3376 ale
122 3323 289 3394 zeugmate:
311 3333 392 3392 „non
405 3316 459 3379 ille
477 3314 671 3385 attulerat
691 3315 818 3379 erineo
832 3353 863 3364 —
881 3316 933 3380 sed
954 3317 1061 3402 quali
1076 3321 1141 3369 -“

63 3398 107 3462 ul.
131 3400 168 3478 Q.
188 3400 223 3464 Ρ.
245 3400 282 3476 ΙΙ,
304 3406 335 3467 6.
356 3420 386 3484 p.
408 3405 481 3467 192.
502 3403 578 3466 Stat.
599 3401 674 3466 Silo.
696 3403 733 3479 ll,
757 3405 786 3477 6,
809 3403 867 3466 ³8:
888 3403 975 3479 „Non
994 3404 1051 3468 tihi
1072 3404 1140 3470 ioe-

61 3486 296 3550 rnineuur'nultu
320 3487 437 3554 (leena
462 3505 577 3570 oreque
603 3505 697 3570 supra
716 3488 822 3552 Mollis
843 3489 970 3567 lenos,
1001 3489 1139 3572 quales

61 3571 177 3635 dubiae
197 3581 265 3654 post
284 3575 410 3638 erimina
430 3575 576 3638 lormse
597 3575 643 3638 De
665 3591 739 3636 sexu
756 3574 883 3636 transire
904 3573 1039 3639 iubent.“
1079 3575 1139 3642 *En

58 3655 171 3740 paullo
200 3659 296 3722 inira:
327 3678 410 3737 „neo
437 3659 573 3743 petulans
602 3660 710 3723 uoles
737 3658 900 3740 blandique
927 3677 1032 3725 renero
1063 3660 1138 3744 lgna

60 3741 188 3820 oeuli,
208 3745 338 3823 qualis
356 3745 444 3809 bellis
464 3747 522 3809 iarn
544 3745 660 3808 cassiolo
674 3745 764 3809 missu
775 3745 1017 3829 Parthenopaeus
1040 3751 1137 3814 eret“

59 3861 107 3877 -
130 3829 178 3892 De
199 3832 302 3894 statuis
322 3833 479 3914 Apollinis,
500 3849 576 3914 quae
592 3831 741 3912 Propertii
762 3833 860 3894 anino
873 3829 1048 3897 obuersatus
1070 3852 1139 3900 ease

57 3913 232 3992 uideantur,
249 3915 287 3980 ul.
309 3915 346 3994 Q.
361 3917 393 3980 P.
407 3918 448 3994 ΙΙ,
462 3921 493 3982 4.
514 3935 546 4000 p.
568 3921 621 3984 71.
643 3918 769 3984 Veruuru
782 3921 833 3981 iil.
854 3917 981 3982 fortasse
1002 3919 1138 3985 (lirino-

57 3999 160 4064 dorus
178 4003 324 4086 expressit
339 3993 453 4090 ’Expp
476 4006 567 4069 294.ι
589 3996 811 4086 πλόκαμος
836 3997 913 4090 γὰρ
935 3997 1026 4084 ἕλιξ
1041 3999 1152 4072 ἔπιέ

55 4081 277 4173 deripientes
300 4075 436 4168 ὤμους
454 4079 676 4173 ἀμφοτέρους.
1113 4161 1117 4170 ,

167 4193 195 4239 ι.
217 4178 268 4240 34.
290 4173 469 4255 Egensit,
494 4194 569 4252 non,
589 4177 633 4238 nti
655 4174 774 4258 quitiam
789 4173 1037 4259 interpretentur,
1064 4195 1136 4240 na·

53 4257 248 4338 oneleoit3
271 4261 324 4324 seul
344 4268 425 4326 reete
445 4261 609 4327 Passenni:
639 4261 815 4339 „Elierri
841 4259 956 4340 lenit,
982 4261 1075 4327 nerito
1097 4261 1136 4328 ilo

52 4344 217 4412 iuuenibus
237 4347 393 4433 proprisi*
433 4345 508 4413 nisa
536 4349 580 4414 uie
603 4365 722 4434 quoque
749 4366 801 4429 eo,
825 4365 913 4433 quern
937 4349 988 4414 isti
1015 4363 1136 4434 eonpa-
