2912 4920
106 346 109 354 ⁸
245 373 326 464 802
575 371 838 448 Commentarius
862 371 899 445 ln
918 371 1017 466 l’rop.

248 551 394 636 exparte
414 551 526 618 tantu·
545 561 657 631 rerum,
685 549 766 636 guorl
787 546 923 618 inlinunt
946 549 1199 632 ,laetiorum
1218 555 1325 616 astu-

247 643 309 706 tae
328 639 463 719 lugee“
484 637 593 704 diorum
613 655 680 704 esse
694 656 751 722 pro
771 637 967 716 ‚laetiorum
981 637 1104 704 subdole
1116 634 1325 720 fugientium.“

247 727 298 794 Tu
318 729 390 792 uero
412 725 451 790 ol.
475 723 512 804 Q.
533 724 568 788 P.
590 725 629 803 ll,
650 731 681 792 6.
702 743 733 808 p.
757 728 828 791 155.
850 734 880 790 et
900 741 1002 789 oomun
1025 725 1064 788 atl
1086 723 1110 800 l,
1130 727 1158 800 l,
1180 728 1210 787 3.

348 830 377 877 ι.
406 811 459 878 55.
491 811 706 894 Gastrnque
736 829 847 876 omues.
899 812 1164 892 claustraque
1199 810 1323 894 Lipsius

245 906 369 981 praeter
389 898 610 976 necessitatem
632 908 729 963 umen
749 899 840 980 uulgo
861 900 996 963 certatim
1018 898 1217 978 arripuerunt.
1253 897 1322 962 Pri·

246 1001 311 1048 mus
332 985 481 1049 reeusarit
499 983 635 1048 laoobus.
678 985 782 1048 lleote.
825 983 887 1049 Nee
907 986 1003 1049 minus
1016 993 1098 1048 reete
1115 982 1194 1046 ilem

349 1069 593 1136 anullonis
616 1068 704 1134 noll.
717 1070 919 1134 uniuersorum
935 1089 1079 1135 oonseusu
1092 1067 1254 1134 renouauit
1281 1067 1322 1132 nt

246 1153 1321 1258 neeutenusnuilemuntBronllrnsioquillolliaiurenit,·nntlnnol·

245 1242 1321 1394 ll‘tsll''illuit-“lllllle”itllltilll‘tz

244 1415 320 1481 llam
345 1413 425 1498 quoti
448 1415 506 1480 iste
532 1415 795 1492 El.111,o,1e.:
830 1415 986 1492 „mollia
1012 1423 1081 1478 sunt
1108 1415 1209 1498 paruis
1230 1422 1321 1496 prato

244 1502 370 1566 terentio
392 1502 486 1565 rotis“
509 1509 679 1584 comparet:
700 1502 758 1565 lnuo
780 1500 871 1583 plena
893 1519 953 1565 non
973 1503 1112 1584 pertinet
1154 1499 1223 1564 lllio
1242 1500 1320 1563 enim

245 1586 285 1650 sle
302 1585 462 1652 lerilous
483 1588 725 1668 argumentis
745 1587 999 1670 mollibusque
1018 1587 1156 1652 uersibus
1178 1587 1242 1665 agit
1263 1583 1320 1663 (ei.

245 1689 349 1740 eorum.
372 1672 410 1737 sd
435 1691 462 1738 e.
475 1673 527 1748 l.):
547 1675 596 1737 lio
615 1691 699 1748 uero,
719 1673 915 1756 quodeunque
938 1692 1032 1755 genus
1051 1673 1153 1758 poesis
1174 1673 1321 1736 nullorum

245 1775 313 1824 esse
335 1759 532 1841 respondet,
560 1758 649 1824 modo
670 1763 832 1824 Maecenas
861 1777 983 1824 seonm
1005 1777 1159 1825 ourunm
1180 1775 1321 1825 asuen-

245 1844 330 1922 rlat,
359 1846 522 1927 frenosque
550 1864 621 1910 nnus
646 1845 789 1909 moleret.
839 1845 923 1910 llaeo
944 1847 1021 1910 enim
1050 1847 1227 1927 metaphora
1247 1841 1321 1925 quit

244 1931 284 1995 arl
305 1933 410 2014 poesin
430 1933 548 2010 ualent,
574 1933 724 1996 uberrime
744 1949 846 1996 nomm.
868 1931 917 1996 El
935 1933 989 2010 lll,
1012 1937 1041 2008 l,
1062 1937 1095 1998 9.
1119 1931 1320 2014 exposuimus.

243 2019 408 2085 Maeoenas
426 2019 535 2099 igitur,
566 2020 617 2101 qui
639 2018 799 2102 Propertio
819 2020 970 2099 ingenium
991 2017 1043 2081 slat
1068 2017 1117 2084 rel
1138 2018 1245 2092 lenit,
1273 2018 1321 2078 in·

244 2113 308 2168 star
330 2106 439 2168 Musae
461 2115 506 2168 est
525 2103 644 2168 ourrur'u
671 2114 780 2186 poetae
802 2107 945 2184 regentis.
994 2105 1075 2169 lliue.
1098 2104 1159 2167 iam
1180 2111 1319 2187 quanm!

243 2189 378 2255 llroulrl.
399 2191 548 2254 inuentum
570 2209 591 2252 a
610 2207 682 2254 uero
705 2189 796 2253 distet
817 2193 984 2266 existimes,
1012 2192 1064 2273 qui
1083 2190 1178 2272 ipsum
1200 2198 1321 2272 poetam

245 2275 331 2352 (trito
353 2294 425 2338 sane
446 2277 551 2357 simili)
566 2277 668 2340 lrenos
688 2275 835 2354 mordere,
857 2278 1064 2340 alllueeenate
1084 2285 1182 2340 tamen
1201 2274 1321 2338 mollius

242 2369 388 2427 irsomos
409 2371 523 2426 oenset.
574 2364 621 2427 'lu
643 2379 715 2426 uero
727 2364 773 2426 oi.
794 2363 882 2428 orio.
900 2363 956 2446 Ep.
979 2381 1018 2426 ea
1035 2363 1118 2426 l’ont
1138 2362 1178 2442 ΙΙ,
1197 2364 1229 2440 o,
1250 2363 1321 2427 lle

449 2461 627 2531 Succedutpuo
643 2469 698 2516 lua'a
716 2463 790 2517 orlla
805 2465 958 2517 moderatos·
973 2462 1090 2536 lobonis·

242 2546 380 2630 lienique
408 2549 452 2613 sio
482 2549 596 2612 demum
624 2569 713 2634 quam
744 2559 826 2615 reete
851 2550 956 2615 soleat
978 2560 1140 2615 extremum
1162 2549 1320 2614 iistiolnm

242 2635 406 2717 intelliges,
435 2654 494 2718 quo
519 2635 716 2720 quodeunque
739 2655 814 2721 opus
836 2655 997 2718 eggressus
1018 2638 1119 2713 luerit,
1140 2638 1198 2701 lrou
1213 2636 1319 2700 sultem

242 2720 343 2786 landis
372 2723 500 2805 expetit,
525 2733 557 2786 ut
585 2740 649 2786 enm
676 2723 854 2790 Mueoeunte
885 2741 1002 2806 semper
1029 2725 1148 2788 stetisse
1170 2722 1318 2787 sileatur.

243 2807 331 2886 Quod
360 2826 433 2874 uero
463 2809 595 2872 mollis
617 2809 686 2873 ideo
709 2828 767 2873 non
788 2807 942 2874 ferendum
970 2827 1035 2874 esse
1058 2810 1189 2874 Bronkl.
1212 2811 1319 2891 opina-

241 2893 348 2972 batur,
375 2892 457 2976 quod
484 2887 660 2959 eonomine
690 2895 827 2960 dissoluti
848 2897 985 2960 Meroen.
1008 2913 1107 2958 mores
1126 2905 1317 2960 morerentur:
1446 2959 1447 2962 ,

241 2979 341 3044 lnlsne
362 2983 619 3062 interpretationis
647 2983 736 3066 eulpa
758 3001 795 3048 oa
814 2992 874 3060 est,
897 2999 955 3044 non
978 2983 1060 3046 noeis
1082 2983 1213 3064 prolsae,
1239 2999 1318 3064 qnae
1446 2977 1447 3064 f

241 3065 321 3131 ilem
350 3067 499 3147 siguificat
521 3067 600 3149 quod
629 3067 775 3132 laeilis
805 3076 834 3132 et
863 3069 986 3131 onmis.
1031 3067 1094 3132 llio.
1115 3070 1203 3132 Attio.
1224 3066 1317 3144 1,14.

156 3227 163 3238 ,
243 3153 341 3232 (17.):
364 3155 481 3230 Quanta
500 3155 538 3218 sit
560 3155 590 3216 iu
610 3153 705 3218 lrstre
725 3171 790 3217 meo
813 3153 987 3230 uomitus,
1007 3163 1117 3236 poema
1137 3152 1317 3218 ineundi-

242 3247 319 3314 tns,
340 3257 427 3321 quum
450 3239 578 3303 mollis
601 3243 747 3303 animus
774 3248 803 3304 et
825 3239 863 3303 nl
886 3241 1087 3323 aecipieudum
1110 3250 1139 3306 et
1162 3241 1199 3304 sl
1223 3239 1317 3323 ‹lepo-

241 3323 368 3388 nenium
389 3326 538 3400 iniurium,
558 3326 633 3388 nihil
653 3327 758 3390 attinet
779 3344 824 3388 me
846 3327 884 3389 ad
906 3337 935 3390 te
956 3328 1006 3407 qui
1025 3345 1061 3389 ea
1077 3327 1155 3390 nosti
1172 3328 1316 3390 seribere.
1445 3393 1446 3397 ,

242 3408 399 3474 Glnuuliun.
420 3411 504 3476 Eutr.
527 3412 551 3487 l,
573 3415 660 3475 son:
689 3413 704 3474 l
711 3411 897 3494 nullisque
919 3413 1032 3475 moueri
1051 3413 1242 3496 Supplioibus
1257 3431 1318 3475 me·

242 3493 353 3582 ullaque
376 3504 474 3562 tamen
495 3497 748 3562 mollissimus
767 3499 825 3564 ira
847 3497 1318 3600 Aid.llirg.nleu.lll,292,428.

623 3681 835 3774 Elegia
876 3675 934 3757 x:

262 3847 264 3852 ¹
342 3837 373 3884 r.
394 3824 425 3887 8.
445 3819 568 3888 lliolne
581 3824 751 3910 —lapin
773 3825 826 3889 Sin
844 3825 1030 3891 sorileutlum
1053 3843 1128 3902 esse,
1157 3842 1217 3891 non
1236 3823 1319 3912 quenl

241 3901 333 3985 uulgo
355 3906 523 3985 Niobae,
551 3910 627 3974 louis
658 3913 695 3991 Q.
716 3913 752 3976 P.
774 3911 813 3987 11,
835 3917 863 3978 tu
890 3931 915 3978 s.
934 3912 986 3977 ΙΙΙ.
1009 3931 1040 3994 p.
1062 3916 1122 3978 163
1137 3931 1182 3994 sq.
1205 3932 1318 3995 conge·
1443 3955 1444 3966 .

241 3991 296 4053 stis
309 4005 445 4075 apparet.
488 3995 611 4062 Niolre
632 3997 738 4081 lupis
760 3999 856 4080 igitur
867 4017 923 4080 per
936 4001 1152 4082 appositionem
1165 4000 1319 4080 iungentia
1443 4001 1444 4036 l

241 4086 317 4153 nunt,
339 4089 371 4142 ut
387 4081 427 4156 11,
450 4087 500 4156 26,
522 4087 592 4146 nrt:
613 4084 742 4148 Lerne
758 4085 933 4167 -palun
984 4086 1106 4151 Fortius
1131 4087 1196 4149 sine
1224 4088 1317 4150 slulrio

243 4171 273 4226 et
294 4167 390 4244 magis
410 4170 568 4247 poetioum.
618 4168 658 4233 Et
686 4173 730 4233 aiu
752 4171 812 4233 ism
833 4173 952 4235 llomer.
973 4171 1009 4235 ll.
1031 4169 1079 4237 ω’.
1099 4161 1318 4238 θΙΙ.ι”Ενθα
1442 4221 1443 4252 ,

241 4239 371 4324 λίθος
399 4269 464 4337 περ
489 4247 617 4317 ἐοῦσα
642 4253 734 4319 θεῶν
763 4249 801 4320 ἐκ
822 4254 926 4342 κήδεα
947 4253 1168 4324 uoluunt-et
1193 4259 1318 4326 marios
1442 4257 1443 4288 ³

242 4331 418 4400 conmuni.
437 4339 590 4422 napoli
611 4345 664 4408 12.
683 4359 771 4428 quam
791 4343 842 4410 lio
861 4353 966 4412 noster
987 4329 1151 4430 expressltr
