2812 4918
547 413 643 506 Eteg.
660 415 766 500 tv‚.r.
972 489 976 498 ,
1050 451 1053 456 2
1123 379 1205 502 4'37

126 551 255 662 (11111.
277 591 314 657 t..
336 591 370 656 P.
392 592 445 658 53.
466 591 604 655 euincere
624 590 745 657 studuit.
787 587 875 670 Quod
897 593 960 656 sire
980 609 1081 656 rerunt
1101 601 1198 660 est-
1262 585 1280 612 ⁸

125 681 269 766 plandunt
299 675 376 742 eninr
404 679 642 760 interpretes—
662 682 724 742 sire
753 693 821 753 uon,
850 689 932 742 recte
962 687 1058 742 tamen
1087 679 1198 746 fatales

121 769 194 832 iiias
216 768 347 828 dammas
366 763 581 826 Palladis'
573 781 685 842 agnes
709 763 852 846 appellat.
904 765 978 828 Nam
1000 764 1110 830 Vestae
1129 767 1198 830 tito·

123 855 182 918 lum
213 852 376 915 sacrarium
397 850 531 914 Palladis
558 850 653 912 fuisse
680 850 942 914 demonstrauimus
972 849 1019 916 De
1039 851 1104 916 diis
1098 861 1198 936 patr.

154 949 364 1088 apio.
349 1023 486 1085 lurenem
510 1039 529 1083 a
549 1021 680 1084 rhetoris
703 1021 808 1084 schola
833 1031 981 1086 recentem
1006 1041 1106 1088 tersus
1126 1041 1199 1107 pro-

127 1109 181 1175 dit.
226 1106 1196 1191 tttQPtepnrttapscteptettta

126 1217 156 1281 p
223 1299 251 1343 Υ.
273 1281 325 1343 te.
348 1295 450 1359 cape.
473 1245 532 1340 Pro
554 1277 610 1340 inoc
632 1295 732 1352 cave,
756 1277 867 1360 quod
858 1299 888 1342 un
910 1279 996 1343 111ιΥ1Υ
1021 1279 1198 1362 quibusdam

37 1373 44 1396 ·
119 1385 192 1432 esee
211 1367 361 1430 Passerat.
380 1367 432 1440 ait,
454 1365 492 1425 ab
514 1363 635 1427 Heinsio
652 1365 883 1428 commendatum
902 1368 1024 1448 primus,
1045 1369 1077 1430 ni
1095 1367 1201 1444 fallor,

122 1454 254 1518 Broukir.
284 1451 415 1530 recepit,
443 1448 522 1510 nude
551 1467 620 1514 mox
649 1467 749 1512 omnes
780 1449 924 1514 editiones
950 1453 1085 1517 obtinuit.
1135 1453 1199 1518 Sed

122 1541 236 1614 mirum,
258 1538 284 1599 si
302 1537 445 1618 Tarpeia,
466 1541 543 1617 quae
550 1535 599 1597 ad
624 1537 853 1618 occupanda
871 1556 926 1618 per
940 1539 1044 1602 iancea
1060 1537 1114 1619 (de
1131 1542 1197 1622 qni-

122 1625 178 1689 nus
198 1623 260 1688 rid.
280 1622 319 1686 ad
340 1641 368 1686 Υ.
383 1621 531 1702 dopo)
522 1639 594 1702 nuga
616 1621 759 1703 capitolii
781 1622 898 1685 Tatium
918 1625 1068 1701 inritat,
1092 1626 1197 1690 eadem

122 1721 156 1776 ut
178 1716 337 1773 careret
362 1724 399 1770 ea
420 1716 541 1787 terga,
564 1707 773 1773 admonuisset.
818 1709 919 1773 Gaue
941 1711 1026 1784 eninr,
1049 1711 1198 1812 quodper

123 1815 169 1862 se
179 1813 363 1877 nequaqnam
385 1811 450 1855 esse
473 1794 585 1874 possit:
615 1795 938 1869 connascendo,
967 1807 1061 1860 restat
1086 1807 1118 1860 ιιι
1140 1799 1196 1863 sit:

123 1883 235 1947 etita.
280 1881 345 1957 Quo
368 1880 442 1941 nihii
459 1881 553 1959 magis
570 1881 750 1942 contrarium
765 1881 910 1944 uoluntati
925 1843 1086 1963 i'ropertii.
1117 1883 1197 1946 Gon·

122 1979 171 2034 tra
191 1974 328 2049 receptae
351 1967 476 2040 minime,
498 1964 577 2046 quod
600 1967 765 2066 perhibent,
785 1985 888 2028 versus
910 1967 1066 2049 insequens
1089 1968 1196 2035 obstat.

121 2055 178 2120 liic
205 2054 282 2116 euim
311 2053 506 2124 obtectionem
531 2054 661 2114 continet
696 2069 752 2134 per
776 2041 955 2114 ἀσύνδετον
982 2054 1111 2129 illatam,
1137 2073 1197 2136 qua

122 2139 225 2226 puelle
247 2155 344 2201 secum
365 2137 501 2219 pericula
523 2137 586 2202 eins
608 2138 675 2200 uiae
697 2145 822 2220 reputat.
872 2138 907 2201 ln
937 2141 1073 2204 oratione
1100 2143 1196 2221 magia

122 2225 228 2290 sedata
256 2213 384 2287 fortasse
412 2224 504 2302 Prcp.
540 2223 767 2286 addidisset-
790 2221 939 2304 quidem
973 2227 1046 2290 tel·
1060 2228 1196 2304 Quant-

124 2329 241 2396 quam,
237 2302 315 2374 '.At
339 2307 889 2392 ct.Q.t’.,....ttestt§ta..p
914 2313 1168 2378 127ΗΥΥΥΥ128.

226 2415 252 2459 Υ.
273 2398 325 2461 51.
348 2395 474 2458 Frustra
501 2396 549 2457 vel
568 2394 709 2458 decimata
729 2397 847 2459 Musam
870 2405 1028 2476 quaerunt,
1056 2417 1134 2479 quae
1156 2399 1197 2463 ait
1296 2443 1310 2467 .

123 2483 293 2561 magica,
321 2481 370 2545 rel
391 2481 453 2542 aiia
476 2483 573 2542 omnia
602 2483 762 2560 corrigunt.
806 2481 867 2544 Sed
890 2500 990 2544 rernm
1009 2479 1067 2544 iam
1088 2483 1197 2548 Passe-

124 2571 219 2633 ratius
240 2566 323 2639 utta,
344 2567 526 2648 quantumuis
551 2575 581 2630 ut
602 2567 761 2630 absurdam
784 2566 847 2628 eius
871 2569 1093 2631 annotationem
1113 2577 1196 2635 taxat

121 2655 255 2720 Batavus
277 2652 340 2713 iile.
389 2653 507 2716 Musam
528 2654 604 2714 eninr
626 2653 653 2713 si
680 2653 820 2732 poesin
842 2650 902 2714 dici
924 2671 1010 2716 nemo
1031 2657 1195 2732 negaverit,

123 2751 156 2805 ut
176 2755 369 2818 magorum
391 2737 522 2818 poesis
546 2772 589 2784 -
609 2739 764 2815 magica
783 2739 894 2800 Musa
915 2739 1025 2815 audiat,
1056 2757 1196 2804 necessa·

28 2844 31 2852 ’
123 2829 172 2889 rio
194 2826 338 2905 sequitur.
380 2825 497 2903 Optime
517 2824 610 2902 igitur
631 2822 751 2885 Lacim.
776 2822 913 2885 German.
927 2826 1011 2887 drat.
1026 2827 1100 2888 441.
1122 2841 1195 2890 oon·

120 2913 197 2975 tert:
225 2910 290 2972 Hoc
311 2927 384 2990 opus
405 2911 560 2972 arcanis
583 2911 608 2970 si
630 2907 749 2974 credam
771 2907 926 2990 postmodo
947 2911 1072 2975 Musis
1094 2948 1137 2962 —
1156 2911 1195 2978 do

121 2998 228 3062 iisdem
251 2995 467 3058 Chaldaeorum
491 2996 692 3058 cantamentis.

184 3097 187 3102 ’
225 3099 254 3146 Υ.
268 3085 320 3146 54.
340 3079 471 3143 Νιιιὶι
491 3099 546 3162 pro
562 3082 732 3145 nutriuit
753 3099 811 3145 non
825 3079 1039 3163 contractione,
1060 3081 1196 3148 sedtam·

121 3185 229 3253 porum
255 3168 481 3230 commutatione
504 3167 610 3231 dietum
632 3167 735 3230 ultima
756 3169 854 3232 breuis
877 3170 987 3248 arguit.
1032 3167 1076 3232 ct.
1099 3169 1135 3248 Q.
1157 3167 1193 3234 P.

122 3255 162 3332 li,
183 3257 214 3318 6.
237 3273 261 3316 Υ.
283 3251 372 3336 ttp.
394 3255 424 3315 8.
447 3271 477 3334 p.
502 3257 571 3316 120.
620 3253 711 3316 Guius
733 3273 803 3316 ustus
825 3255 997 3336 ignorantia
1017 3253 1095 3317 adeo
1116 3255 1196 3319 Bur·

122 3358 246 3404 mannua
267 3349 441 3402 occaecatus
464 3351 520 3416 est,
538 3348 571 3402 nt
585 3339 825 3402 absurdissimum
848 3341 1031 3442 qnorpndam
1051 3341 1196 3404 librario·
1210 3361 1213 3368 “

122 3425 513 3502 rumtoetun21tutrtit
538 3427 717 3490 humanae
744 3443 798 3489 suo
823 3429 988 3508 patrocinio
1011 3425 1196 3506 dignaretur.

123 3513 219 3590 Quasi
242 3531 314 3576 rero
337 3511 470 3594 Tarpeia
495 3511 624 3574 nuncid
651 3521 766 3590 ageret,
797 3521 829 3576 nt
850 3513 969 3577 Romuli
997 3521 1087 3594 atqua
1115 3512 1194 3579 adeo

122 3597 241 3682 iupae
262 3598 539 3662 humanitatem
557 3595 763 3680 praedicaret!

226 3701 254 3747 Υ.
276 3687 329 3748 55.
361 3684 450 3747 Uicus
477 3685 562 3746 huius
591 3692 694 3746 seruus
722 3685 913 3746 incausatum
939 3683 1067 3766 plurima
1094 3701 1195 3748 emen·

123 3767 217 3837 dandi
238 3767 373 3850 pericula
395 3763 520 3870 peperit,
542 3772 572 3832 in
595 3769 700 3852 quihus
725 3769 833 3832 diutius
854 3769 1111 3850 haererelongum
1132 3779 1193 3834 este

122 3855 208 3930 illud,
237 3854 315 3936 quod
342 3857 444 3935 optimi
466 3857 537 3919 litui
563 3864 593 3919 et
618 3863 688 3936 post
707 3855 892 3934 Scaiigerunt
920 3854 1065 3918 editiones
1091 3861 1193 3920 omnes

124 3949 243 4006 teuent:
282 3942 445 4023 pariam,
482 3941 550 4023 plus
586 3959 673 4023 quam
712 3940 830 4023 reliqua
869 3949 929 4004 tunt
964 3951 1070 4005 contra
1103 3941 1195 4006 deco·

122 4044 190 4092 rum
217 4026 249 4089 in
274 4027 440 4088 universum
455 4027 604 4102 offendit,
633 4036 693 4089 tum
722 4037 827 4090 contra
847 4025 999 4108 Tarpeiae
1025 4045 1194 4111 personam,

123 4112 244 4196 qualem
264 4120 327 4175 toto
350 4113 407 4174 hoc
428 4115 558 4176 carmine
574 4113 749 4194 Propertius
769 4111 861 4176 duxit.
910 4112 988 4190 Quid
1016 4115 1093 4178 enim
1114 4114 1194 4196 puti-

124 4199 203 4274 dius,
225 4217 312 4280 quam
334 4208 443 4260 castam
464 4199 547 4260 illam
568 4200 677 4264 Vestae
695 4198 888 4275 sacerdotem,
914 4199 994 4263 inter
1013 4197 1124 4262 medios
1146 4199 1194 4262 ai·

125 4285 257 4348 tactuum
277 4285 470 4366 pugnantium
491 4285 596 4348 ductus
623 4285 843 4348 liberorum
859 4283 1195 4366 procreandorum

127 4373 322 4454 negotium
351 4371 410 4436 ritui
439 4378 591 4454 exoptare.
654 4369 760 4455 itaque
785 4371 940 4436 nobiscum
969 4369 1115 4436 facillima
1134 4390 1198 4437 mu·

918 4447 996 4524 29*
