2910 4930
529 301 755 456 ntegtnn
1114 369 1185 446 ttt
1234 335 1236 338 ’

97 586 98 589 ,
128 540 221 622 licque
242 558 298 621 ego
317 555 395 604 nunc
417 535 457 604 nd
478 541 635 624 proclia
654 539 801 605 amoris
827 537 880 618 (ll,
905 543 933 616 i,
955 540 1009 606 tn.
1027 539 1081 615 ill,
1102 542 1133 617 d,
1153 545 1185 606 2.

129 629 229 692 Tituli.
248 629 284 705 ll,
304 631 336 704 3,
357 627 423 708 63.)
449 644 598 708 prouoco,
626 645 713 710 mam
741 621 899 706 κυδοιμὸν
918 619 1042 712 eponae
1063 627 1187 691 llerme·

130 715 197 778 sien
218 713 350 796 appellat
377 731 425 794 ap.
448 714 556 778 Athen.
577 713 659 777 Xlll.
681 728 711 796 p.
733 714 807 778 598.
835 713 870 776 F.
890 713 982 777 Bacis.
1002 713 1092 792 lrgm.
1110 711 1188 776 ller-

129 817 193 862 rucs.
213 800 247 875 V,
274 803 327 865 83.
350 817 445 882 unque
467 800 507 862 ad
525 799 638 863 Tibulli
655 799 679 876 l,
704 803 733 875 l,
749 797 813 874 lla,
838 799 890 862 uhi
913 797 1015 862 eadem
1034 799 1065 860 in
1084 797 1187 861 eedem

129 903 160 950 re
184 875 365 960 ἄντίθεσιςι
401 885 470 948 llic
499 903 556 966 ego
586 885 659 949 donn
685 883 857 965 milesque
885 885 1000 962 bonus,
1019 901 1073 948 uos
1099 885 1188 964 sigua

128 971 267 1052 tubaeque
293 973 340 1036 lte
365 972 472 1053 praeut
485 993 544 1033 -ε
571 979 670 1036 cestra
701 989 738 1034 ea
765 971 875 1034 amoris
900 969 1100 1054 Propertium
1125 968 1188 1038 tid.

128 1057 170 1122 ΕΙ.
189 1057 238 1136 lV,
262 1061 291 1136 1,
315 1061 376 1122 135
395 1075 475 1139 epp:

220 1171 256 1226 As
270 1179 300 1225 tas
316 1171 383 1240 nispe
400 1173 493 1240 clepus,
511 1173 602 1244 {atton
619 1188 700 1242 opos:
717 1173 800 1228 doec
816 1179 875 1228 tno
892 1179 1026 1245 costra,

259 1241 369 1294 Scribat
384 1248 414 1294 ast
431 1243 548 1308 evemplo
566 1247 653 1294 cneco
669 1241 749 1296 turdo
765 1251 819 1301 tuo.

222 1311 399 1364 Militiana
419 1311 562 1364 Veneris
579 1309 683 1366 itandis
700 1311 991 1379 cennomannis
1102 1309 1104 1314 ’

254 1379 291 1434 tn
312 1379 455 1432 Veseris
471 1381 594 1448 poeria
613 1382 688 1434 utilis
704 1379 898 1462 destineris.
914 1405 950 1421 -
1105 1377 1111 1398 ¹

129 1483 215 1548 liutius
240 1491 339 1546 autem
364 1484 486 1549 iocosae
510 1483 633 1547 militiae
660 1495 884 1568 nestrorumque
905 1483 1059 1568 Cupidinis
1081 1501 1192 1549 morem

130 1579 156 1633 et
166 1568 350 1651 disciplinam
367 1570 394 1632 ai
407 1571 522 1653 penitus
537 1587 720 1650 cognoscere
735 1573 820 1648 uelis,
833 1571 979 1638 *Ouidium
991 1571 1060 1652 lege
1073 1573 1192 1636 Amorr.

130 1656 151 1730 l,
169 1660 216 1720 tt:
245 1655 401 1720 Militat
428 1658 546 1720 omnis
577 1674 702 1719 aucus
723 1667 754 1722 et
775 1658 866 1724 labet
890 1677 955 1722 sua
978 1667 1111 1722 castre
1132 1657 1193 1720 ilu-

37 1819 38 1826 Ὶ
129 1741 205 1822 pido,
225 1750 257 1804 et
278 1759 355 1822 pune
376 1751 440 1806 tota
453 1760 491 1806 ea
513 1741 612 1823 elegia
633 1753 828 1824 exponuntur.
870 1745 972 1808 Nerua
992 1743 1193 1825 igiturtotiua
1253 1809 1267 1828 1,

37 1829 38 1854 ³
130 1829 196 1904 loci,
216 1843 304 1908 quem
316 1828 437 1892 neuun.
459 1847 547 1892 uersu
568 1829 749 1910 potissimum
766 1835 816 1895 17.
839 1827 1039 1907 desiderabat,
1061 1829 1110 1892 lnic
1131 1837 1194 1892 eat:

37 1921 38 1974 t
132 1914 183 1978 (lui
203 1914 285 1978 bono
310 1915 377 1990 erit,
396 1915 423 1976 si
444 1932 502 1996 ego
520 1932 641 1978 axonam
655 1913 779 1992 duxero,
797 1931 886 1998 quum
905 1915 936 1979 id
949 1932 1009 1978 nnn
1029 1917 1085 1979 sim
1103 1931 1195 1996 prae·

37 2017 38 2024 ¹
131 2001 257 2076 siiturus,
279 2018 340 2081 qua
360 1999 398 2063 da
418 2002 571 2064 cansalan
591 2001 654 2065 lata
674 2011 728 2066 est.
770 2000 874 2090 Neque
897 2003 974 2066 eninr
994 2019 1052 2082 ego
1073 2002 1196 2065 militem

37 2087 38 2172 ᾗ
131 2087 311 2168 reipublicae
332 2085 424 2149 ullum
445 2087 624 2170 procreato.
672 2087 853 2169 Quamquam
874 2089 906 2152 in
926 2089 973 2152 luia
993 2083 1067 2152 uineis
1088 2087 1196 2151 castris

132 2181 222 2236 numo
244 2189 310 2236 sum
329 2172 422 2251 miles,
440 2181 474 2238 ut
493 2173 564 2236 milri
583 2173 631 2238 uel
644 2174 766 2238 heroum
778 2173 924 2238 tortitudo
945 2173 1077 2239 sordeat.
1119 2173 1196 2239 itinc

134 2259 215 2334 enin,
237 2259 261 2322 i.
284 2275 311 2322 e.
333 2258 371 2322 an
389 2259 538 2324 amoribus
566 2275 672 2324 nomeu
692 2261 763 2335 tuli,
791 2259 872 2342 quod
901 2261 941 2325 ad
969 2259 1093 2324 ennensi
1114 2259 1197 2322 orbis

132 2344 256 2427 populos
277 2347 453 2425 penetrauit.
502 2348 609 2428 Apage
636 2345 732 2428 igitur
751 2345 828 2410 illud
849 2348 935 2412 triste
953 2345 1131 2412 matrimonii
1150 2343 1198 2407 iu·

134 2447 205 2511 gum.
250 2429 364 2494 Tecum
385 2439 418 2496 ut
436 2439 536 2508 antea,
555 2433 659 2497 uiuam.
707 2432 779 2496 Plus
800 2433 919 2514 gloriae
936 2441 966 2497 ct
983 2433 1107 2498 lonorla
1127 2429 1199 2495 iude
1277 2471 1286 2480 ·
1363 2507 1368 2520 ‚

133 2517 277 2594 relatam,
306 2533 393 2599 quum
421 2518 448 2580 si
476 2535 600 2598 maguae
626 2518 741 2582 sobolis
761 2529 849 2601 pater
866 2517 994 2583 audiam.
1041 2518 1105 2582 lam
1123 2533 1197 2583 vcro

135 2603 251 2684 singula
278 2611 312 2666 ut
333 2601 538 2685 expediamus:
568 2604 727 2686 quodsi,
757 2605 837 2688 quod
858 2623 913 2688 per
933 2621 1143 2688 quanquam
1164 2602 1200 2666 si

37 2751 38 2770 ,
133 2689 316 2772 interpretati
333 2708 448 2768 sumus,
476 2691 649 2772 saepissime
671 2692 884 2756 contrariis
906 2692 1052 2756 orationis
1072 2690 1208 2772 parti·-¹

37 2771 38 2844 l
134 2777 199 2840 ius
226 2774 443 2856 coniungendis
468 2774 644 2842 destinatum
672 2777 871 2861 al’ropcrtio
897 2795 963 2842 esse
986 2776 1139 2840 docuimus
1161 2775 1200 2854 Q.

37 2855 38 2878 ¹
134 2860 277 2940 1².11,6.
304 2857 515 2942 s.11.§.1t.
542 2880 574 2944 p.
600 2865 669 2928 129.
720 2863 772 2926 Sic
793 2881 842 2945 ap.
866 2861 1199 2937 omittentem„

37 3007 38 3016 ,
134 2949 184 3012 ulti
202 2957 423 3014 antecesserat:
443 2957 511 3030 pete
528 2949 682 3010 nmlnras
704 2966 904 3027 nemorum,
926 2949 1001 3012 laec
1020 2956 1200 3032 sequunturs

37 3063 38 3100 1
135 3033 272 3115 quodsi
294 3034 361 3097 sola
379 3034 463 3098 tirum
485 3031 618 3097 latebras
629 3034 743 3098 intrare
756 3033 886 3097 terarum
907 3043 976 3098 cett.
1017 3033 1121 3114 Neque
1142 3033 1204 3112 igi-
1268 3097 1270 3104 p

134 3129 182 3184 tur
203 3121 242 3184 alo
264 3119 361 3196 slterp
383 3119 532 3203 scriptura
552 3119 636 3184 Etsi
661 3119 801 3182 auxilium
816 3131 924 3203 potera
946 3135 1020 3200 opus
1040 3127 1094 3194 est,
1115 3135 1203 3200 quarn

137 3207 283 3270 enostris
308 3207 395 3270 lihris
424 3205 491 3268 sola
517 3207 674 3286 Regiensis
701 3215 816 3283 tuetur,
848 3225 887 3270 cx
906 3205 1039 3270 Golhert.
1060 3202 1084 3267 l.
1105 3205 1203 3284 Regio

37 3325 38 3332 ι
137 3299 263 3376 utroque
287 3291 376 3356 Leid.
398 3291 438 3355 Π.
457 3291 641 3356 Burmannus
672 3293 804 3374 profert,
833 3293 938 3375 quibus
965 3289 1083 3354 accedit
1101 3289 1206 3358 Vallo·

136 3378 240 3442 danus
260 3397 280 3442 a
297 3376 491 3458 ileruluardpo
514 3378 673 3460 inspectus.
715 3379 789 3443 Nam
811 3377 890 3460 quod
913 3378 1097 3441 Burmannus
1114 3378 1145 3440 iu
1167 3393 1232 3444 eo.

37 3459 38 3476 ¹
138 3481 258 3528 numero
283 3465 372 3528 etiam
389 3463 596 3532 nanceianum
618 3464 721 3540 relert,
741 3467 767 3528 is
789 3457 1028 3550 doceoypapo'co
1054 3463 1130 3526 nanc
1152 3463 1207 3526 hc·

139 3551 205 3618 loct:
227 3549 331 3630 Quod
351 3551 437 3614 etsi.
482 3548 669 3616 illudentem
690 3553 718 3615 ai
738 3550 906 3626 admiseris,
925 3550 1044 3614 facilium
1059 3551 1146 3612 etiam
1161 3551 1208 3612 in-

140 3637 315 3720 terpretatio
342 3636 439 3702 cadet.
477 3635 567 3708 ,nun
594 3638 670 3701 euim
697 3647 767 3720 post
794 3639 873 3700 etsi
893 3635 1012 3716 uirgulta
1032 3633 1113 3699 lacta
1134 3634 1209 3698 reli·
1316 3656 1324 3670 ι

141 3741 214 3872 gnus
232 3739 335 3787 uersus
355 3723 489 3805 protaeiu
510 3723 654 3787 enuntiati
673 3723 881 3788 conditionalis
895 3721 994 3800 elicit,
1017 3721 1099 3786 cuius
1118 3711 1209 3784 aad·

162 3826 236 3882 οσις
254 3815 438 3890 pontnmetro
466 3810 642 3874 continetur.
691 3809 735 3874 De
764 3810 875 3872 omissa
896 3809 971 3872 cuim
997 3801 1147 3889 porticula
1162 3806 1206 3883 pel.

141 3894 181 3973 11,
203 3899 255 3970 ld,
276 3897 330 3960 to.
378 3894 436 3959 llic
461 3904 572 3972 numm,
593 3904 627 3961 ut
645 3897 844 3972 omitteretur,
870 3910 936 3958 mm
955 3895 1119 3958 accessisse
1138 3911 1210 3956 osu·

142 3995 207 4044 snm
226 3981 399 4064 suspiceris,
427 3979 507 4064 quod
527 3989 595 4064 post
614 3981 696 4046 Etsi
718 3981 847 4064 repetita
867 3980 1035 4044 coniunctio
1056 3981 1087 4042 si
1107 3981 1212 4060 ingra-

142 4070 358 4218 tffluflouflurc
378 4068 494 4132 fuisset.
544 4067 730 4134 simillimum
756 4075 839 4133 certe
863 4076 1029 4132 structurae
1047 4081 1140 4148 genus
1160 4083 1212 4148 ap.

173 4152 180 4166 ·
248 4195 260 4218 o
305 4155 370 4231 ,40
392 4161 503 4218 extr-F
568 4193 574 4210 ι

247 4269 284 4322 Sl
301 4269 378 4322 modo
395 4285 436 4322 nae
451 4269 556 4338 placido
574 4269 691 4324 uident
709 4271 828 4325 Nemesis
845 4286 903 4323 areo
920 4270 1014 4336 nultos

280 4339 445 4394 inmeantes
462 4337 559 4394 lentos
575 4341 719 4394 sciscunt
736 4341 801 4394 etto.-
821 4339 941 4396 dilect.
