2950 4932
560 357 660 450 Eleg.
679 357 724 446 ll,
745 361 801 430 ss.
852 369 855 381 '
1156 367 1234 446 209

160 531 288 614 ingere
340 527 426 597 Addo
452 531 530 616 quod
553 533 696 618 Golossus
718 535 754 599 Ι..
776 531 870 618 pedes
900 535 977 602 altus
998 535 1037 602 lu
1058 554 1095 602 ea
1115 537 1230 622 posltaa

163 629 230 684 erat
249 628 278 682 et
298 637 374 700 quac
396 631 553 700 practerea
573 623 713 686 intentius
735 622 882 704 reputanti
902 623 964 686 alia
985 641 1018 686 se
1036 623 1161 689 oilereut
1180 643 1231 687 ar·

41 697 48 714 '
162 715 311 786 guuema
361 705 442 768 ilaec
464 717 620 788 postquem
648 705 770 789 scripsi,
797 708 890 770 incidi
917 709 946 771 ia
967 707 1095 774 Beckeri
1122 711 1231 776 librum

161 791 362 856 doctissimum
385 791 421 854 de
443 795 541 874 Antiq.
565 793 659 869 Rom,
681 796 733 874 qui
750 791 785 856 Τ.
806 795 830 858 Ι
852 813 881 876 p.
896 797 969 860 426.
990 787 1240 878 ita'componera'

162 879 246 942 litem
271 877 397 951 studuit,
426 887 458 940 ut
478 875 615 960 templum
636 879 786 962 Apollinis
807 881 998 945 circumcirca
1025 881 1157 946 iocorum
1179 902 1231 945 ra-
1323 895 1327 908 ·

161 965 245 1030 tione
265 964 432 1044 porticibus
452 964 582 1028 clausum
612 975 641 1029 et
661 967 691 1028 in
714 985 788 1030 area
814 968 958 1031 interiore
980 969 1106 1048 positum
1128 969 1231 1031 existi·

161 1059 269 1114 maret.
312 1048 377 1126 Quo
407 1051 523 1130 inteutp
549 1053 621 1115 satis
651 1052 806 1134 ingenioso
841 1071 905 1114 corn
941 1053 1047 1117 multos
1074 1055 1229 1137 scruprdos
1312 1065 1315 1072 ’

160 1135 232 1200 tolli
258 1144 419 1216 appareat,
445 1136 533 1208 illam¹
557 1156 595 1199 en
617 1148 746 1202 nostram
768 1139 1041 1222 interpretationem
1062 1143 1146 1222 sequi
1168 1157 1230 1203 ma-

162 1222 219 1298 lit,
260 1220 358 1286 libera
388 1220 474 1284 do'cto
510 1223 615 1286 lectori
650 1227 733 1306 optio
769 1224 951 1288 conceditur.
980 1259 1023 1276 -·
1093 1225 1230 1290 Ceterum

159 1307 274 1372 claro
309 1316 391 1370 recte
420 1309 622 1373 Laclrmanuus
652 1329 689 1372 ex
716 1311 833 1392 optimis
862 1293 1038 1374 membranis
1062 1310 1152 1394 Prop.
1182 1331 1231 1375 re·
1363 1371 1366 1378 .

159 1395 268 1470 adluit,
289 1392 413 1456 album
433 1413 562 1458 marmor
581 1397 800 1478 interpretatos.
851 1395 992 1478 Scaliger
1013 1398 1088 1460 euim
1107 1415 1143 1460 ea
1164 1400 1230 1478 qui·

157 1480 285 1544 busdam
298 1478 384 1541 libris
396 1480 513 1544 infimae
526 1492 614 1544 natae
636 1481 769 1545 Clario
790 1494 975 1564 reposuerat,
997 1483 1075 1564 quood
1086 1501 1144 1545 nou
1159 1482 1229 1548 ideo

157 1567 282 1630 Lucius.
301 1566 428 1628 relicere
448 1565 593 1644 debedat,
622 1569 693 1648 quia
715 1567 904 1644 „Palatini
925 1569 1072 1650 Apollinis
1092 1569 1230 1650 templum

155 1653 281 1727 inisset,
309 1669 368 1714 uon
390 1651 545 1716 Glarii.“
596 1653 648 1716 Sic
668 1655 745 1716 euim
769 1655 865 1736 accipi
885 1673 968 1718 suam
996 1652 1230 1719 emendationem

155 1739 297 1817 scaliger
316 1739 382 1818 ipse
404 1748 554 1802 uetuerat:
582 1737 680 1816 „Nou
701 1738 784 1803 uult
809 1739 946 1804 dicere
976 1739 1114 1822 templum
1136 1741 1229 1822 Apol·

153 1825 227 1888 linis
249 1822 378 1898 Palatini
402 1823 543 1902 (llario
566 1843 751 1888 marmore
772 1835 928 1901 structum,
956 1826 1009 1890 aed
1039 1825 1143 1890 aedem
1164 1846 1229 1892 eam

157 1929 226 1974 essa
254 1909 376 1974 Plocio
400 1909 588 1976 cariorem
618 1912 780 1992 templo,
812 1911 891 1994 quod
915 1913 1087 1976 inclara
1115 1923 1172 1993 est,
1201 1921 1231 1978 et

158 1995 215 2060 illo
234 1996 314 2076 quod
335 2006 381 2058 eat
402 1997 431 2058 in
446 1997 552 2060 ltelc.“
595 1998 778 2078 Quamquam
799 1997 933 2080 equidem
949 2000 1143 2062 tantominus
1165 2016 1230 2062 cam

158 2083 356 2145 coniecturam
386 2082 582 2162 probaverim.
632 2085 735 2166 Neque
764 2085 840 2146 euim
870 2085 968 2148 oratio
999 2097 1056 2148 tam
1079 2083 1229 2160 intricata,

156 2177 189 2236 et
213 2185 298 2250 qoam
326 2165 404 2230 laiso
432 2169 603 2250 intelligere
630 2187 728 2254 paene
757 2187 882 2244 necesse
912 2177 989 2247 erat,
1019 2169 1229 2254 descriptionis

150 2253 334 2328 evidentiam
352 2253 447 2318 decet.
1163 2319 1166 2326 ,

260 2357 289 2404 ι.
311 2343 341 2403 6.
356 2343 439 2418 (10.)
460 2338 589 2417 carlou
608 2339 679 2404 libri
694 2357 805 2418 omncs,
827 2341 964 2404 carior
985 2338 1030 2404 ed.
1043 2341 1231 2425 laesiaopc-

150 2443 274 2500 rarum,
300 2436 390 2506 pcto,
420 2428 504 2490 uitio.
555 2427 757 2506 Ortygiam
785 2425 837 2490 alii
861 2427 986 2490 insulam
1009 2445 1104 2510 prope
1124 2429 1230 2508 Delum

151 2515 243 2578 sitam
266 2511 382 2586 (stralo.
404 2512 442 2576 X.
463 2533 494 2594 p.
516 2513 607 2592 480.)
635 2513 683 2576 rel
705 2515 800 2595 ipsam
819 2512 915 2576 ilclon
939 2513 1065 2594 (Spanlt.
1088 2513 1127 2577 ad
1151 2513 1229 2578 Call.

152 2599 185 2662 u.
204 2597 306 2682 Apoll.
328 2601 380 2662 59.
401 2599 468 2662 llel.
491 2603 563 2663 255.
586 2599 683 2662 Solin.
706 2615 732 2662 c.
757 2598 822 2676 18.)
845 2598 1086 2682 interpretantur,
1106 2597 1158 2662 alii
1178 2617 1229 2664 re·-

153 2686 230 2748 ctius
259 2681 357 2746 laicum
386 2685 470 2748 iuxta
496 2685 697 2767 Ephesum.
747 2683 795 2747 Gt.
818 2684 915 2747 Tacit.
937 2687 1012 2750 Anu.
1034 2684 1085 2760 111,
1107 2686 1230 2749 est-la·

155 2771 241 2833 coba.
260 2771 434 2854 Animadpr.
455 2771 494 2834 ad
516 2770 637 2836 Aulioi.
658 2769 710 2833 Gr.
728 2767 766 2834 T.
786 2767 837 2837 ΙΙΙ.
856 2789 885 2853 p.
906 2775 980 2838 ste.
1004 2787 1107 2834 comm.
1131 2770 1169 2834 ad
1181 2771 1230 2838 El.

146 2857 204 2934 ΙΙΙ,
225 2861 276 2933 ²2,
297 2859 347 2920 ta.

177 3001 184 3015 ,
252 2960 280 3006 ι.
302 2938 333 3006 7.
356 2942 437 3020 (ΙΙ.)
466 2939 512 3006 ΙΙι
536 2938 673 3004 dno-
694 2947 813 3006 erant.
855 2939 942 3006 Libri
970 2939 1154 3024 incorrupti:
1182 2939 1229 3005 lit

154 3041 242 3107 ςιιος
263 3026 343 3110 quod
366 3027 473 3092 laisum
498 3045 564 3090 esse
582 3043 667 3090 nemo
690 3026 866 3090 consensit.
911 3025 996 3090 Unde
1018 3029 1072 3092 alii
1091 3025 1230 3091 audacis·

149 3115 369 3190 sinemuro,
400 3113 479 3195 quod
507 3113 576 3175 inde
599 3114 636 3176 ab
659 3112 775 3176 Aldinis
797 3108 941 3176 editiones
970 3115 1142 3196 occuparit,
1174 3111 1230 3176 alii

148 3201 246 3278 (inter
268 3219 342 3280 quos
366 3201 487 3264 [seim.
510 3210 540 3262 et
561 3199 661 3262 iacob.
678 3198 773 3262 italos
794 3199 904 3276 secuti)
930 3199 981 3261 In‘
994 3217 1065 3281 quo
1086 3217 1229 3282 reposue-
1336 3207 1338 3214 ’

146 3295 230 3350 runc
273 3287 358 3363 Quod
382 3284 530 3367 utromodo
553 3285 771 3364 invulgatum,
799 3285 882 3348 nulla
901 3285 1068 3348 litterarum
1091 3285 1229 3348 similitu-

147 3369 222 3444 diue
243 3381 273 3434 et
295 3375 441 3436 scatentia
463 3383 521 3436 ιιιιιι
544 3381 659 3453 aperta,
680 3381 798 3453 umque
818 3371 935 3451 uulgari
952 3371 1110 3447 uocabulo,
1130 3379 1229 3436 trans·

148 3459 199 3520 ire
219 3460 367 3539 potuerit,
397 3475 482 3522 nemo
504 3457 613 3521 docuit.
663 3456 731 3536 Ego
753 3472 824 3519 vero
854 3476 913 3520 uua
931 3458 1055 3522 inuersa
1073 3457 1185 3520 lineola
1203 3453 1229 3518 d

144 3559 207 3626 pro
230 3541 313 3622 eset
333 3555 463 3626 recepta,
485 3563 572 3626 quam
595 3543 766 3628 probilibri
789 3549 916 3618 tuentur,
935 3545 1086 3623 scriptura
1103 3552 1228 3619 erant,
1264 3605 1268 3614 ,
1340 3598 1346 3612 ,

146 3629 183 3693 id
196 3628 275 3710 qood
294 3632 426 3694 carmina
440 3647 515 3694 nuuc
530 3629 711 3710 praeierunt,
733 3627 828 3692 effeci.
871 3629 917 3694 lle
934 3637 1031 3692 umen
1054 3627 1168 3692 duobus
1181 3645 1228 3692 ma

146 3715 287 3797 templum
317 3717 452 3780 curribus
473 3734 529 3798 pro
551 3733 610 3778 uno
637 3713 775 3778 licentius
798 3713 927 3778 donasse
948 3713 1081 3778 mireris:
1109 3714 1229 3798 plura

143 3803 181 3866 in
200 3801 324 3882 fastigio
347 3805 411 3866 eius
432 3803 534 3884 templi
555 3803 643 3882 sigma
663 3800 766 3877 fuisse,
787 3799 1027 3864 accuratissimus
1048 3798 1113 3878 illc,
1140 3818 1228 3882 ιῐιιοιιι

144 3887 219 3964 acis,
248 3888 362 3952 Plinius
383 3888 520 3963 XXXVI,
541 3893 562 3952 4
595 3893 623 3951 2.
647 3904 695 3950 mc
717 3886 827 3950 docuit.
877 3885 944 3949 Duo
969 3895 1068 3950 antem
1096 3886 1226 3948 eiusde·

144 3975 199 4038 dei
221 3975 308 4054 signa
329 3976 359 4036 in
382 3991 441 4037 uno
463 3937 588 4055 iastiffl
609 3975 710 4055 posita
731 3980 842 4036 tantum
856 3973 950 4046 abest,
968 3981 1001 4035 ut
1023 3981 1074 4038 aot
1093 3981 1226 4035 veterum

143 4060 353 4126 consuetudini
372 4068 423 4122 aut
438 4060 535 4142 pulcri
558 4060 658 4124 sensui
673 4057 774 4121 aliena
787 4059 854 4132 sint,
875 4066 908 4120 ut
930 4075 1074 4122 consensu
1095 4059 1226 4138 antiqui·

141 4149 216 4213 tatis
236 4166 308 4210 usus
332 4148 359 4210 ia
375 4147 529 4228 probetur.
571 4145 623 4211 Sic
644 4147 676 4208 in
693 4141 770 4237 aede
790 4142 979 4208 Concordiae
1001 4153 1091 4226 atque
1110 4144 1225 4224 inipso

138 4234 272 4316 tasneto
295 4242 377 4298 tres
398 4229 608 4298 Victoriae
628 4229 763 4305 fuerunt,
789 4249 850 4292 uua
867 4231 898 4294 in
914 4229 1058 4305 culmine,
1086 4228 1225 4309 reliquae

141 4319 225 4390 alnoo
245 4337 300 4403 per
321 4318 450 4391 antefixa
471 4317 635 4404 dispositae
653 4317 736 4398 (Lis.
756 4315 867 4398 XXVI,
890 4317 970 4398 23.),
991 4317 1036 4381 sic
1056 4315 1141 4380 iuxta
1161 4311 1226 4380 col·
1262 4349 1266 4358 ·
1333 4359 1340 4376 .

190 4401 251 4470 ΙΙΙ.
977 4405 1020 4478 ΙΙ

997 4665 1024 4702 0
