2870 4922
376 1147 965 1248 Praefatio

559 1407 796 1416 ..—.-——-—-

125 1572 269 1682 Quod
292 1595 452 1692 Luperco
484 1597 534 1671 illi
562 1598 674 1695 piloso
699 1595 863 1672 Martialis
900 1607 1002 1696 poeta
1035 1595 1204 1692 accidisse

124 1695 219 1788 ludit,
257 1709 297 1772 ut
326 1708 469 1772 tonsore
502 1723 610 1794 genas
636 1704 833 1774 circueunts
860 1699 966 1775 altera
999 1704 1066 1774 iam
1100 1699 1205 1772 barba

124 1797 268 1890 subiret,
306 1801 388 1873 huic
412 1802 616 1876 simillimum
641 1801 766 1898 aliquid
791 1825 897 1899 saepe
922 1807 1064 1880 evenne
1090 1825 1211 1899 expe-,

126 1903 245 1990 rietur,
273 1906 335 1996 qui
363 1925 448 2000 opus
464 1905 694 2005 qualecunque
716 1903 924 1980 laboriosum
948 1927 1012 2002 per
1025 1915 1116 1979 totos
1139 1925 1204 2010 au-

128 2022 193 2074 nos
224 2004 393 2078 volverit.
466 2006 597 2093 Quodsi
627 2015 814 2082 retractare
853 2029 991 2104 semper
1022 2009 1135 2081 omnia
1173 2005 1206 2078 si

18 2196 20 2205 Ι
128 2103 207 2196 quid
233 2110 325 2179 novi
342 2105 563 2180 subnascatnr
586 2107 751 2200 volueris,
776 2109 878 2182 linem
900 2111 936 2182 in
951 2109 1017 2182 hac
1040 2112 1113 2184 vita
1134 2128 1204 2179 uon

127 2206 304 2280 invenies.
362 2207 482 2301 Neque
515 2220 629 2283 umen
660 2233 744 2302 uos,
779 2233 856 2284 cum
881 2210 1049 2309 prioribus
1076 2207 1204 2284 duabus

128 2303 304 2403 Propertii
325 2309 475 2404 partibus
501 2314 567 2384 iam
593 2313 691 2408 prelo
712 2311 874 2406 subactis,
898 2316 998 2386 tertio
1013 2333 1100 2386 vero
1115 2314 1205 2382 inter

129 2430 250 2481 manus
263 2409 401 2484 scribae
417 2423 592 2506 versante,
619 2413 753 2488 Keilii
781 2413 1052 2490 Observationes
1069 2415 1204 2485 criticas

130 2511 164 2582 iu
189 2511 407 2608 Propertium
435 2513 562 2606 (Boon.
581 2513 690 2590 1843.
706 2539 785 2613 pag.
798 2514 860 2591 56.
876 2511 931 2609 8.)
965 2516 1007 2590 ab
1034 2519 1111 2612 ipso
1137 2537 1204 2586 au-

131 2621 226 2687 ctore
243 2615 434 2686 humaniter
458 2617 555 2692 uobis
571 2623 786 2692 transmissas
811 2622 1078 2716 accepissemus,
1100 2617 1204 2690 locu-

130 2713 263 2808 pletare
291 2719 429 2790 existis
456 2741 543 2812 quae
566 2721 769 2794 videbantur
792 2720 918 2796 divitiis
946 2730 1096 2795 nostram
1123 2717 1204 2800 edi-

26 2874 32 2887 .
130 2818 263 2888 donem
293 2817 470 2893 noluimus.
521 2821 571 2894 At
594 2825 752 2896 intentius
780 2823 1018 2918 quaerentibus
1047 2845 1089 2894 ea
1116 2841 1204 2916 quae

133 2915 193 2988 diu
218 2917 317 2992 nobis
341 2921 451 2995 stabat
475 2926 643 2996 sententia
667 2927 743 3018 ipso
769 2925 836 2998 boc
858 2923 973 2996 libabo
990 2923 1121 2996 firmata
1137 2929 1204 3010 est,

132 3039 202 3090 uon
226 3019 348 3094 lavere
368 3024 493 3096 Divam
510 3021 669 3096 Griticam
694 3027 740 3116 ei,
767 3029 824 3119 qui
853 3046 961 3114 „casu
977 3026 1087 3117 magis
1105 3043 1204 3117 quam

136 3121 313 3196 consilio“
352 3133 389 3195 ut
431 3123 488 3198 ille
533 3127 568 3198 in
600 3125 814 3221 Propertium
850 3125 963 3198 illatus
996 3148 1017 3220 p
1049 3125 1203 3216 margine

30 3270 35 3295 .
137 3221 382 3314 quodammodo
415 3229 481 3298 rivi
505 3227 667 3317 hauserit,
696 3251 808 3324 neque
833 3230 870 3300 in
896 3230 1005 3322 ipsum
1032 3228 1203 3320 gurgitem

31 3342 34 3355 ·
138 3323 292 3398 etveluti
312 3329 426 3398 intima
448 3329 549 3401 lontis
571 3331 758 3425 penetralia
780 3333 951 3402 immissus
975 3337 1046 3401 toto
1061 3333 1203 3424 pectore

31 3450 36 3493 i
136 3425 208 3496 eius
232 3430 407 3520 ingenium
432 3430 609 3502 imbiberit.
667 3431 753 3503 Nam
780 3454 880 3526 quum
907 3433 1054 3502 omnium
1075 3437 1202 3525 poeta-

32 3564 37 3603 ε
136 3543 206 3598 rum
231 3551 432 3622 magnorum
451 3535 624 3627 proprium
648 3534 705 3622 sit,
730 3540 765 3603 ut
788 3555 915 3606 novum
941 3529 1065 3608 sibiet
1090 3549 1204 3626 pecu*

136 3621 217 3700 liora
251 3631 417 3725 quoddam
445 3634 581 3705 dicendi
613 3655 722 3726 genus
756 3637 907 3729 pariant,
939 3641 1132 3726 tantumque
1158 3628 1201 3702 ab

34 3726 38 3799 i
136 3747 196 3798 usu
220 3733 357 3824 vulgari
382 3733 567 3824 diversum,
593 3745 749 3828 quantum
764 3738 867 3832 ipsie
891 3734 988 3810 turba
1012 3733 1201 3828 aequalium

34 3822 39 3863 ²
137 3833 318 3925 emineant,
344 3859 451 3926 aegra
477 3837 573 3908 illiet
599 3839 695 3909 iuviti
721 3836 764 3909 ad
791 3857 1005 3910 communem
1030 3833 1201 3909 modulum

137 3933 229 4023 exigi
255 3956 294 4005 se
317 3940 494 4032 patientur.
545 3937 662 4032 ltaque
688 3940 745 4032 qui
768 3960 838 4011 non
854 3938 955 4011 modo
981 3941 1201 4033 interpretem

137 4031 195 4104 scd
221 4039 460 4128 castigatorem
488 4041 589 4110 etiam
619 4039 738 4112 borum
770 4040 1016 4137 exemplarium
1050 4035 1200 4134 profiteri

137 4147 173 4202 se
197 4155 300 4207 ausus
314 4137 426 4230 luerit,
450 4141 479 4211 is
500 4142 616 4235 copias
643 4149 721 4213 ante
739 4144 851 4214 omnia
877 4163 924 4214 ex
947 4141 1090 4213 aliormn
1108 4141 1200 4213 sorl-

135 4239 261 4326 ptorum
275 4238 424 4316 lectione
445 4238 533 4316 baud
555 4240 749 4319 mediocres
777 4245 1027 4344 comparaverit
1052 4247 1200 4341 oportet,
