2912 4920
536 373 636 472 integ.
657 377 784 466 libna
1127 379 1204 464 351

131 549 281 635 χῶσαι,
302 543 425 638 τὴνδ’
447 541 547 617 riddo
567 545 627 656 tipo
647 551 704 617 νῦν
724 539 827 616 οὖσαν
848 543 962 636 παρὰ
983 543 1205 630 adlaetae

23 695 27 701 .
134 633 451 703 κατασκευάσαι
471 634 531 723 τὴν
552 627 603 702 dre
635 631 761 703 ἐκείνου
780 633 984 722 καλουμένην
995 627 1205 722 Ἡράκλειαν.

76 757 78 762 ’
134 725 251 791 Deinde
271 724 376 790 ludit
403 724 484 807 qaod
511 724 583 788 libri
605 742 707 788 omnes
729 725 876 798 exbiberi,
905 724 1060 788 manifesto
1083 737 1129 788 eut
1146 723 1206 788 lal-

135 830 209 876 sam.
251 811 326 877 Nam
352 814 471 876 uerbum
498 810 637 874 ludere
667 829 732 876 cum
755 829 791 876 eo
814 819 925 872 tantuin
943 811 1112 872 occursatiuc
1135 828 1207 873 oon·

136 899 280 978 iungitur,
304 899 417 980 quiesi
437 896 546 958 lusus
568 897 691 973 illius,
713 915 797 978 quem
813 894 948 958 ludimus.
992 896 1067 958 Hinc
1089 894 1127 958 ad
1141 899 1207 958 ani·

11 982 51 1061 ⁵,ss
136 1003 213 1047 mum
242 983 417 1048 translatum
440 991 484 1046 est
504 980 637 1044 ludibrio
663 982 792 1064 aliquem
813 983 942 1057 babere,
970 980 1109 1044 illudere.
1160 982 1206 1046 lia

138 1077 235 1134 autem
255 1088 316 1150 qua
334 1071 382 1135 bic
400 1069 575 1148 intelligunt
596 1069 823 1148 significatione,
842 1065 1011 1140 ludendo
1034 1079 1206 1146 tangere,

47 1158 51 1168 “
135 1155 287 1220 leuiter
299 1155 512 1236 plaudere,
530 1173 675 1236 nusquam
690 1156 844 1229 inuenitur,
864 1171 919 1216 neo
932 1170 988 1234 pro
1002 1155 1088 1238 uerbi
1101 1163 1208 1218 natura

136 1241 264 1304 inueniri
291 1249 399 1323 potest.
448 1239 526 1304 Vide
554 1243 631 1304 enim
658 1260 716 1322 qua
743 1241 888 1304 sententia
918 1239 1026 1303 Seneo.
1053 1239 1207 1322 liippolpi.

138 1331 233 1392 basa.
262 1327 354 1390 dicat:
382 1327 435 1389 Me
464 1325 564 1391 ludit
592 1329 710 1390 amnis
740 1345 796 1390 ors
821 1327 921 1392 uicina
939 1325 1066 1389 alluens.
1107 1327 1208 1390 Aliam

134 1413 228 1496 longa
251 1415 395 1476 rationem
417 1430 483 1474 essa
509 1413 665 1492 compositi
694 1413 874 1477 alludere
901 1423 1129 1476 consentaneam
1151 1421 1208 1476 est.

24 1552 51 1586 ὴ
136 1498 224 1592 Quoad
247 1498 285 1561 de
304 1501 366 1562 loni
388 1498 569 1562 undarum
592 1501 739 1564 uoluenti
759 1498 920 1581 appulsu
943 1498 1051 1561 dicium
1078 1501 1209 1564 occurrii

11 1572 51 1675 ²¹¹3]
135 1584 390 1662 buranacii,
414 1587 505 1649 342:
524 1583 799 1648 alludentibus
824 1585 945 1647 undis.
968 1585 1030 1648 Cio.
1053 1583 1088 1647 N.
1111 1585 1148 1649 D.
1170 1585 1207 1661 ll,

11 1661 51 1703 ”·
136 1673 206 1736 ssa
233 1671 323 1735 Mare
348 1681 459 1736 terram
481 1680 623 1754 appetens
644 1666 794 1750 littorium
824 1670 981 1734 adludit
1008 1671 1067 1746 (sic
1086 1680 1207 1734 certae

15 1750 42 1849 J
135 1756 203 1822 cod.
224 1757 313 1838 Glog.
333 1755 516 1836 Heindorf.).
564 1755 603 1818 Et
623 1759 666 1819 sic
687 1759 744 1821 boc
766 1759 835 1820 loco
856 1757 992 1819 Lambin.
1014 1766 1044 1820 et
1064 1755 1208 1820 Gruterum

12 1833 41 1876 ⁸³
137 1841 291 1906 emendari
316 1845 478 1908 iusserunt.
534 1841 660 1906 Secutus
691 1854 736 1906 est
765 1861 801 1906 ex
835 1841 1049 1905 recentioribus
1078 1843 1208 1926 interpp.

11 1922 41 2006 ξ”ῖέ
134 1947 212 1991 unus
234 1928 258 1991 1.
277 1929 314 1992 Η.
335 1928 468 1993 Vossius.
511 1927 612 1992 Miror
629 1937 736 2006 autem,
756 1927 837 2012 quod
857 1947 911 1992 neo
924 1929 1130 1992 La'obmanoua
1153 1946 1209 1992 nec

11 2007 38 2053 ι’
135 2015 264 2078 Iacobus
285 2015 457 2078 rarissimae
478 2015 542 2076 eius
562 2015 751 2078 coniecturae
768 2016 942 2078 mentionem
953 2015 1090 2078 iecerint.
1129 2014 1208 2079 otim

135 2100 283 2164 ardebam
305 2099 460 2176 allidit;
480 2109 511 2162 ot
531 2112 668 2182 suspecta
686 2102 733 2164 bic
755 2103 825 2165 mibi
846 2101 942 2177 nimis,
964 2118 1025 2182 qna
1043 2101 1117 2164 baec
1133 2104 1209 2165 sori-

20 2172 48 2264 :¹1
135 2195 227 2268 ptura
248 2187 367 2261 nitatur,
385 2187 488 2249 Pucoii
508 2191 672 2254 auctoritas
692 2197 747 2252 cst.
786 2187 851 2250 lico
872 2207 961 2248 natum
982 2197 1080 2250 tamen
1103 2186 1209 2250 obsor-

15 2291 41 2356 ,·
119 2289 224 2360 'rasse
240 2290 299 2336 noo
321 2289 534 2354 superuacuum
555 2273 699 2349 rideatur,
722 2273 856 2337 omnibus
877 2273 970 2347 locis,
1000 2273 1105 2355 quibas
1131 2289 1208 2338 nunc

11 2353 45 2432 '²5⁶5‘
134 2359 260 2422 uerbum
281 2357 468 2423 alludere
488 2376 526 2421 ea
545 2375 631 2441 puram
653 2359 779 2423 diximus
797 2359 1014 2441 significatione
1035 2359 1156 2439 iegitur,
1176 2369 1209 2424 ut

11 2442 39 2520 '3'
136 2442 263 2522 Quintil.
282 2443 320 2522 V,
344 2449 394 2521 14,
414 2445 466 2508 st.
494 2445 557 2508 Gic.
581 2444 659 2528 Top.
681 2449 712 2510 7.
739 2445 818 2510 Plio.
837 2445 945 2522 XXVI,
968 2449 998 2521 7,
1020 2450 1071 2506 22.
1097 2445 1208 2512 Gattdl.

17 2531 35 2575 ‘¹³'
135 2529 233 2604 LXII,
254 2532 318 2607 68,
341 2539 392 2594 aui
412 2531 558 2594 uniuersis
575 2530 663 2594 libris
685 2540 737 2596 ant
757 2533 838 2595 bona
856 2542 955 2596 tanen
973 2540 1060 2611 parte
1081 2531 1209 2596 alterum

135 2613 312 2680 allidere
329 2616 539 2681 commendari.
584 2617 630 2681 ct.
654 2617 846 2683 Gessner.,el
864 2616 1037 2682 Schneider.
1059 2616 1098 2682 ad
1118 2617 1210 2681 Golo-

27 2701 41 2772 ³³.
103 2702 217 2766 ‘moll
241 2701 397 2780 lauru,
414 2707 465 2778 20,
487 2708 516 2766 2.
560 2703 642 2767 Unus
664 2702 781 2786 dequo
803 2721 861 2766 non
884 2706 957 2767 satis
979 2702 1050 2764 mibi
1073 2720 1209 2786 comper-

11 2808 42 2838 ι’
134 2795 198 2852 tuor
227 2787 377 2864 est,.llul.
406 2789 510 2854 Arica.
538 2787 841 2870 barbaricarum:
883 2789 984 2853 hanla
1014 2806 1074 2870 qna
1094 2787 1209 2870 Gprnos

11 2875 37 2929 ³3
133 2873 265 2939 fincta
285 2872 384 2938 madet
403 2872 621 2958 alludente.

11 2953 41 3030 't‘
238 2977 267 3024 r.
285 2964 315 3023 2.
335 2959 499 3025 Fumida
528 2958 728 3024 densissimam
748 2961 825 3023 banc
845 2957 998 3040 Scaligeri
1027 2953 1209 3023 emendatio·

14 3090 17 3097 -
132 3061 203 3108 nent
231 3063 290 3108 non
315 3045 376 3109 iam
404 3047 474 3110 olim
494 3047 645 3129 recepisse
667 3062 722 3109 nos
743 3047 885 3129 poenitet.
938 3043 1101 3110 Humida
1122 3043 1210 3123 enim,

180 3129 217 3192 od
240 3132 309 3194 libri
327 3132 445 3208 babent,
467 3133 553 3195 nimis
575 3133 753 3216 superduum
775 3143 1000 3211 stagnorum
1027 3129 1209 3198 attributum.

11 3222 31 3280 ‘J
162 3223 249 3280 cntra
266 3219 464 3301 Propertium,
483 3235 608 3300 quocum
630 3222 660 3282 in
675 3219 878 3284 describendis
901 3219 1074 3297 regionibus
1088 3213 1209 3282 euidon-
1287 3259 1292 3264 -

130 3302 181 3366 cia
200 3321 285 3367 nemo
305 3305 398 3370 facile
420 3315 626 3382 cenaturum
645 3305 732 3384 illud,
754 3305 834 3388 qnod
855 3305 979 3368 maxime
1002 3305 1029 3368 ei
1047 3303 1116 3367 loco
1137 3319 1210 3383 pro·
1274 3381 1276 3386 Ι
1389 3323 1400 3330 ·

11 3381 24 3432 5²
130 3389 233 3472 priam
254 3400 341 3469 esset,
365 3393 501 3479 omisisse
521 3409 706 3474 nequaqnam
728 3402 773 3457 est
795 3390 966 3457 uerisimile.
1007 3387 1112 3471 Neque
1132 3388 1209 3455 eoin

22 3516 26 3600 ]
130 3479 399 3639 ξὶἒθῑξᾶιιιίἵεὲἑιιιιι
425 3479 515 3560 (qnos
540 3479 600 3542 iarn
625 3479 787 3544 Burmann.
812 3487 894 3544 rectc
924 3475 1074 3557 adhibuit)
1096 3475 1209 3542 Lucre·

240 3662 332 3725 Qualis
351 3663 422 3730 opud
441 3662 465 3716 0
470 3678 564 3716 nouae
581 3665 655 3722 locos
672 3669 712 3719 eoi
728 3669 887 3731 montemque
907 3662 1040 3731 Veronam,

241 3732 347 3798 oppleti
362 3733 457 3786 calidis
473 3732 518 3784 ubi
536 3733 679 3799 [amnui
694 3732 812 3802 scaldos
831 3737 935 3786 aanor.

11 3850 21 3870 ι
131 3825 187 3883 aot
208 3817 294 3886 Ouid.
314 3819 351 3883 A.
372 3820 410 3881 A.
431 3819 454 3898 1,
477 3823 568 3885 noba

131 3916 137 3929 '
239 3917 306 3984 Quid
319 3919 435 3986 seimonu
452 3923 548 3989 Boios,
566 3927 758 3990 praetentaque
775 3921 871 3973 littora
885 3921 949 3972 uelis
1076 3943 1086 3960 ·

271 3988 307 4040 Eu
324 4001 391 4055 puae
408 3987 440 4041 ule
457 3991 577 4043 calido
595 3993 697 4059 sulfure
714 3989 824 4058 sumai
841 3955 959 4056 nummi

15 4083 19 4120 ἵ
131 4073 183 4140 cui
204 4074 244 4140 cl.
266 4075 343 4140 Stat.
362 4071 438 4140 Sili.
457 4076 511 4154 lii,
534 4081 584 4143 17.

234 4179 262 4226 r.
281 4165 313 4226 4.
333 4169 459 4226 sonat
487 4163 533 4227 lle
555 4157 740 4228 c'orribaa
763 4159 872 4228 tliotnm
891 4161 1133 4246 interpretantur.
1164 4153 1210 4224 Nc

130 4246 239 4348 orede3
261 4249 417 4328 angustior
440 4249 517 4312 eninr
536 4251 623 4350 limes
645 4251 694 4315 uix
711 4250 861 4334 peditibus
879 4258 949 4352 apte
967 4247 1209 4352 Agrippamcer·

128 4343 191 4400 ton
211 4343 271 4402 tier
288 4333 465 4420 praebebat.
509 4335 611 4403 Tenus
629 4335 741 4404 Strabo
753 4337 776 4402 l.
789 4336 828 4402 t:
850 4331 979 4418 πλαιος
1000 4330 1037 4396 da
1059 4324 1208 4411 αμαξι-
