2950 4932
534 364 545 404 ·’
579 363 680 472 ntdg.
702 381 824 474 tuas.
1173 389 1253 468 att
1278 447 1287 456 ,

174 555 243 638 dd.)
275 555 335 617 iens
362 553 474 637 primns
502 556 629 619 omniunt
657 555 803 622 ilumerus
831 563 978 640 tanquam
1004 559 1042 624 nd
1071 567 1193 626 atavum
1222 567 1252 622 et

174 633 352 720 ἐπώνυμον
378 637 518 724 pupulam
537 643 748 708 Atheniensem
774 643 887 708 reienat
906 643 956 722 (ll.
978 639 1020 722 6.
1039 649 1129 712 att:
1155 634 1250 708 O'id'

174 717 228 812 ἆρ’
264 717 408 810 Ἀθήνας
443 715 531 804 εἶχον
564 721 752 810 ἐυκτίμενον
787 721 991 813 πτολίεθρον
1025 728 1130 814 δῆμον
1162 720 1252 814 Ἐρε-

172 809 284 896 peston
303 806 545 958 μεγαλρτορος,
575 805 614 874 ὅν
644 804 720 910 ,ποτ’
739 805 862 898 1Ἀθήνη
889 811 1003 901 θρέψε
1029 812 1115 892 Διὸς
1141 809 1250 898 θυγά-

174 917 237 982 τηρ
258 933 301 946 -
320 893 394 960 τέκε
427 891 616 982 ἑξείόονρος
629 886 771 984 ἄρουρα)
793 900 858 982 quis
873 899 946 964 talia
967 903 1101 984 exempla
1120 911 1250 978 senatus,

173 983 345 1048 Enteltl
355 999 434 1044 eum
448 981 606 1070 (preducta
619 986 795 1067 penultima)
808 983 930 1049 eundem
944 1005 1029 1068 quem
1040 989 1248 1066 Atheniensem

176 1079 243 1133 esse
262 1087 321 1132 nen
343 1065 466 1132 videant
507 1067 554 1133 De
581 1060 807 1156 ἄντονομασίρ
828 1081 940 1147 autem,
970 1071 1066 1152 ligura
1087 1073 1247 1154 Propertio

174 1155 416 1236 frequentissima
436 1153 474 1217 el.
497 1155 533 1232 Q.
547 1154 581 1219 P.
601 1155 640 1232 ll,
661 1161 691 1222 6.
713 1175 741 1239 p.
765 1159 836 1222 158.
881 1157 943 1222 lam
965 1157 1048 1220 tides
1071 1176 1124 1221 eur
1144 1177 1171 1222 u.
1194 1160 1247 1223 39.

173 1242 460 1324 Amplierteae
487 1237 705 1322 quadrigae
733 1252 763 1306 et
790 1241 922 1330 Capanei
950 1244 1038 1308 ruina
1068 1243 1141 1308 nihil
1175 1259 1248 1324 pne·

175 1327 266 1390 desse
295 1327 414 1407 Lpneen
443 1325 591 1389 dieantur.
643 1326 721 1404 Quid
749 1331 823 1390 enim
846 1330 876 1391 in
899 1345 1000 1392 amere
1029 1347 1149 1394 senex
1175 1329 1248 1392 ille

176 1413 270 1476 dutus
297 1411 467 1488 iuuaret,
488 1409 612 1498 ’δρᾶμα
638 1403 785 1496 ποιήσοις
805 1403 956 1498 ’Ἄρεος
988 1407 1206 1494 μεστόν-
1227 1401 1249 1476 3

175 1493 387 1577 θεασάμενος
407 1497 475 1572 πᾶς
487 1485 589 1572 ὄντος
602 1489 687 1582 ἀνὴρ
707 1489 844 1582 ἠράσθη
864 1493 986 1574 δάιος
1006 1487 1119 1568 εἶναι
1141 1501 1247 1576 (Arist.

176 1585 252 1650 Rus.
286 1588 410 1660 1622),
438 1584 489 1664 qni
522 1581 814 1665 qnednunquam
842 1584 1040 1658 mulierem
1063 1596 1248 1654 amantem

176 1671 295 1745 leterii,
317 1669 365 1732 tel
386 1668 468 1751 apud
487 1669 600 1732 inlesus
623 1669 771 1752 glorietur
793 1669 883 1748 (ibid.
903 1689 931 1734 u.
956 1675 1074 1749 1666).

263 1754 422 1818 nihilis
436 1771 670 1836 quoqueversus
685 1757 899 1819 vexatissimus.
919 1755 981 1820 Nee
996 1759 1115 1821 inlunis.
1138 1757 1249 1836 Quam-

177 1859 293 1926 quam.
311 1839 391 1923 qnod
416 1841 622 1910 Laeluntannus
646 1842 772 1907 satius
801 1841 845 1904 sie
872 1843 998 1924 pesitum
1016 1844 1154 1906 Latinum
1181 1861 1249 1906 esse

178 1936 283 2009 negat,
304 1945 369 1990 eant
389 1929 563 1991 sententiam
580 1928 638 1990 iam
654 1927 799 2011 'exemplis
818 1946 856 1991 ex
875 1927 1032 2010 l'nnpentis
1053 1929 1188 2011 sepelitis
1211 1929 1247 2008 Q.

178 2013 211 2078 P.
234 2014 274 2089 ll,
295 2017 326 2078 6.
348 2031 373 2074 s.
395 2013 434 2076 11.
459 2010 487 2094 §.
507 2016 558 2078 23.
579 2017 609 2094 p'.
633 2015 704 2076 lta.
722 2013 958 2098 reprobavimus.
999 2014 1146 2080 Conferre
1167 2015 1249 2079 iuuat
1385 2051 1389 2060 ·

130 2141 134 2150 ·
176 2095 519 2184 praetendendum.
535 2097 689 2174 detes
707 2097 881 2176 Pelates,
901 2117 961 2162 nen
981 2111 1092 2166 rente
1113 2101 1249 2165 tiaetn'st

176 2188 222 2266 (ln.
252 2202 279 2248 e.
308 2201 367 2246 non
395 2193 557 2259 rentum,
587 2185 650 2248 sine
676 2202 735 2247 nnn
764 2195 845 2247 reete
872 2185 982 2250 laetum
1010 2197 1073 2262 est,
1098 2203 1163 2250 enm
1182 2187 1248 2249 nin·

176 2281 256 2336 etum
278 2271 371 2349 esse).
420 2270 505 2349 Quae
532 2270 711 2352 ambiguitas
732 2269 795 2334 illis
817 2289 856 2333 ne
874 2281 992 2354 pnetatn
1014 2269 1132 2355 quidem
1152 2272 1249 2354 ipsunt

176 2357 266 2438 fugit.
308 2353 510 2419 letabundum
534 2357 611 2424 enim
639 2365 752 2440 patrem
781 2357 1005 2438 respondentem
1025 2359 1112 2422 lauit:
1139 2355 1248 2434 „llaud

177 2445 223 2508 ita
249 2443 360 2518 iussi“›,
391 2443 476 2524 qnasi
502 2440 534 2503 id
562 2442 707 2507 ualuisset
728 2441 912 2524 Pamphilus,
939 2461 1013 2506 nan
1042 2450 1148 2506 reete
1168 2443 1198 2508 lu.
1221 2461 1249 2508 e.

177 2545 241 2602 auu
267 2529 342 2603 satin
360 2526 461 2608 aalide
485 2527 612 2591 tinniunt
638 2547 707 2592 esse
725 2527 853 2606 Datum.
891 2515 976 2596 Adde
998 2527 1249 2604 estd.Fast.11,

179 2618 276 2690 225.·.
290 2613 387 2676 male
409 2611 541 2691 ereditur
560 2613 650 2687 hasti.
693 2613 758 2692 Gis.
776 2611 814 2684 il.
837 2613 873 2680 l).
896 2613 934 2688 ll,
956 2617 1023 2678 28.;
1045 2615 1127 2680 llaec
1149 2623 1179 2678 et
1200 2612 1250 2676 di-

181 2709 338 2776 enataret
368 2699 528 2774 ereduntur
558 2699 808 2764 stultissime.
860 2699 1011 2768 Audacius
1032 2701 1120 2764 etiam
1141 2700 1248 2764 Horat.

178 2787 278 2877 Epist.
305 2785 344 2862 ll,
373 2785 666 2864 22164165τὶ6
694 2781 893 2850 decentius
929 2795 1031 2862 aetas,
1061 2784 1141 2867 punnd
1168 2793 1251 2850 reete

181 2869 312 2940 Schmid.
332 2870 355 2934 l.
377 2872 400 2935 l.
418 2871 562 2952 explieat:
590 2879 683 2944 aetas,
711 2889 799 2951 putam
826 2871 921 2950 magis
948 2871 1037 2948 decet
1060 2871 1253 2936 lascivirent
1326 2893 1332 2905 ·

182 2959 298 3024 ludere.
342 2955 398 3021 0d.
420 2955 474 3033 111,
496 2961 546 3035 16,
570 2959 638 3022 dli:
666 2955 825 3021 eontracta
842 2955 979 3021 melius
998 2976 1093 3043 pst-ta
1115 2955 1253 3040 cupidine

182 3043 344 3128 teetigalia
362 3042 525 3127 porrigam,
553 3043 583 3106 lu.
606 3059 633 3106 e.
656 3042 790 3105 melius
813 3051 867 3118 est,
889 3060 936 3116 me
955 3046 1130 3126 porrigene3
1161 3043 1253 3107 etsie

183 3149 257 3197 sace
279 3127 414 3202 melius
434 3131 552 3211 saepius
571 3136 662 3212 poeta
681 3129 708 3190 is
729 3147 799 3190 usus
822 3135 876 3204 est,
903 3127 989 3202 uelut
1004 3131 1067 3194 Sat.
1089 3129 1130 3204 11,
1148 3131 1181 3204 6,
1201 3131 1253 3192 33.

184 3217 242 3286 od.
263 3215 302 3292 ll,
327 3219 380 3296 12,
400 3217 448 3278 ll.
476 3218 512 3279 Α.
533 3215 567 3279 Ρ.
589 3217 671 3294 diiii.
684 3213 748 3277 Sat.
769 3212 808 3290 ll,
828 3219 864 3292 4».
878 3217 932 3278 72.
951 3215 987 3282 Α.
1009 3215 1043 3284 l’·
1070 3219 1141 3284 129.
1167 3212 1254 3280 Adde

184 3300 273 3376 Ouid.
285 3301 366 3364 Fast.
385 3297 437 3376 ill,
453 3303 547 3376 sets
562 3301 693 3374 Alterius
708 3299 823 3382 prolem
845 3300 985 3370 melius
1007 3301 1183 3366 mandabitis
1197 3299 1253 3364 illi.

184 3391 263 3462 Met.
275 3385 354 3464 vill,
367 3389 458 3464 482:
481 3385 614 3450 melius
635 3385 775 3465 lugebitis
798 3387 896 3457 ambo.
940 3387 1028 3469 Quned
1043 3397 1140 3458 autent
1156 3387 1187 3470 in
1202 3403 1254 3452 ee·

184 3485 293 3556 gnatas
312 3481 341 3536 et
362 3471 570 3554 οννωνΰμοος
589 3489 677 3538 voees
698 3471 794 3550 valet,
821 3489 874 3539 eur
895 3471 926 3546 in
944 3491 1030 3536 unum
1051 3473 1173 3535 satius
1195 3487 1255 3537 nen

185 3562 289 3627 ualere
309 3557 457 3636 dieamus,
484 3559 558 3622 nilil
584 3575 693 3632 causae
715 3568 768 3623 est.
818 3560 857 3634 At
879 3558 996 3640 decepit
1016 3577 1152 3637 magnum
1172 3559 1255 3622 eniti·

186 3666 252 3710 enm
272 3643 482 3730 auniauetitus.
525 3645 618 3723 Quem
640 3661 705 3706 eum
725 3662 781 3725 pre
800 3645 974 3725 imperative
988 3643 1035 3716 uel
1056 3645 1188 3726 epletius
1201 3647 1255 3708 lna·

185 3733 288 3807 lieret,
312 3748 369 3800 nen
390 3747 502 3811 praee
532 3748 617 3814 quem
645 3728 744 3802 dieunt
771 3729 858 3793 meda
879 3731 1049 3814 potentiali,
1069 3733 1099 3794 in
1121 3730 1254 3792 amnibus

186 3819 253 3886 lere
282 3819 320 3880 iis
350 3833 426 3896 quae
452 3835 488 3880 ex
514 3816 640 3882 lienatin
670 3816 818 3878 attulimus
844 3817 991 3897 exemplis
1014 3818 1121 3890 eduin,
1145 3816 1255 3880 laetum

188 3915 243 3982 est,
264 3912 297 3968 ul
318 3905 442 3965 satius
463 3919 519 3986 pro
541 3903 671 3984 petius
689 3903 896 3983 pasitnmessa
910 3901 1056 3966 erederet.
1093 3901 1169 3965 llius
1182 3919 1257 3984 qna·

188 4010 246 4076 que
268 3987 499 4074 interpungendi
510 3989 599 4064 nstin,
618 4005 678 4067 qua
693 3987 824 4050 'laenluus
844 3989 1115 4054 serenissimum
1135 3987 1257 4061 studuit,
1367 3995 1368 3998 ’

161 4139 163 4144 ,
188 4073 335 4142 uenabula
351 4073 475 4138 satius
497 4076 685 4158 parenthesis
700 4075 795 4154 signis
809 4075 935 4138 inelusn.
958 4074 1039 4146 lstud
1052 4091 1123 4140 nene
1138 4075 1256 4138 omniun

188 4163 336 4231 Latinitas
359 4167 453 4235 setas,
475 4169 505 4222 et
525 4168 606 4225 reete
627 4159 783 4224 Ernestius
805 4169 835 4226 et
854 4161 985 4226 Orellius
1007 4163 1038 4226 in
1060 4162 1122 4225 Gis.
1140 4159 1197 4242 Ep.
1220 4155 1259 4222 ad

190 4255 252 4318 att.
281 4248 331 4324 tv,
354 4247 405 4310 16.
436 4238 521 4320 (nell.
548 4245 603 4322 111,
630 4249 660 4308 2.
689 4265 719 4328 p.
744 4250 816 4311 161.
847 4248 958 4325 Onell.)
986 4264 1090 4312 antem
1118 4265 1182 4310 eam
1204 4247 1261 4310 han

194 4334 343 4402 sententia
358 4331 502 4418 pesitum,
521 4333 655 4417 quantis
674 4331 873 4400 adnitentibus
894 4333 979 4400 tndd.
998 4351 1070 4465 mssa
1094 4333 1266 4398 eliminate·
