2950 4932
575 379 674 474 meg.
694 379 740 469 ss,
758 383 814 454 ³4.
1113 420 1115 425 ·
1173 395 1252 476 ης

171 579 246 642 noue,
268 559 406 644 adnuere
427 579 455 626 r.
469 565 500 634 ,5.
520 559 610 640 (nlla
631 558 737 638 deus)
758 557 926 627 referitur:
947 556 1001 627 aed
1023 567 1145 630 anoni
1167 579 1248 634 crc=

172 649 233 712 dit
261 658 308 713 est
332 649 467 730 periculo
499 651 528 712 ei
557 649 690 732 exponit,
722 659 755 712 ut
774 650 874 732 expeti
897 657 926 713 et
954 651 1089 714 adnotari
1114 655 1153 716 ab
1177 657 1247 722 aliie

171 735 276 818 possit.
320 739 410 798 Anor
430 737 524 815 igitur
546 753 605 798 non
621 735 764 816 Cynthiae
786 742 833 798 eet
853 769 900 783 -·
916 736 992 800 haec
1015 739 1090 800 eninr
1113 750 1196 806 caete
1217 751 1248 808 et

173 831 313 885 consone
332 841 361 884 r.
383 825 414 886 8.
429 853 467 866 -
486 821 539 884 ced
568 820 616 885 rel
637 821 765 900 Lyncei,
794 820 843 884 rel
870 822 1033 906 cuicunque
1058 825 1169 906 aliquia
1192 827 1247 890 iun·

171 908 304 990 prudeus
330 916 389 972 tarn
416 909 643 1054 camapignue
663 909 853 970 annniaertt.
896 907 957 972 Nec
979 921 1038 973 taut
1061 901 1130 972 κατ’
1154 906 1247 998 ἐνέρ-

170 1013 264 1078 γειαν
294 1011 378 1075 quatu
410 987 494 1054 κατὰ
544 988 661 1072 ὐναμιν
691 1010 796 1056 arnor
823 993 941 1058 dicitur.
990 994 1118 1059 Proreus
1146 1008 1246 1063 autent

171 1079 277 1142 eaden
298 1080 375 1141 ratio
391 1087 444 1155 eet,
467 1097 544 1160 quae
562 1079 610 1142 El.
625 1079 647 1154 l,
664 1084 713 1155 ll,
730 1082 797 1142 te:
840 1079 907 1142 Nou
927 1077 1000 1162 quie
1013 1092 1171 1163 perspecta
1185 1101 1246 1149 non

172 1183 205 1252 οι
227 1165 299 1228 ιιιίΙιί
320 1167 441 1246 cognita
462 1165 559 1241 lane,
588 1165 649 1228 Sed
669 1166 752 1248 qnod
773 1165 803 1226 in
825 1165 882 1228 lino
904 1167 998 1230 omnio
1020 1177 1107 1248 parte
1128 1169 1245 1234 titue-

170 1261 233 1314 tur
255 1269 360 1312 annor
380 1285 421 1298 -
442 1267 500 1313 non
524 1251 677 1314 intellecta
703 1253 914 1332 interpretibus
936 1252 1122 1316 coniectandi
1144 1270 1245 1334 oanan,

169 1337 240 1400 ltenn
264 1346 296 1399 ιιι
316 1337 373 1401 loo
394 1336 472 1413 loco,
495 1338 560 1399 luit.
611 1337 659 1399 Ad
687 1337 861 1400 sententiani
884 1347 953 1419 epte
974 1339 1114 1402 conlecta
1136 1339 1184 1404 El.
1206 1341 1246 1420 lt,

170 1425 224 1486 31.
245 1423 376 1500 initiunt,
407 1422 458 1485 ulri
480 1421 604 1503 Gpntltie
624 1424 692 1505 ipsa
709 1423 766 1488 ino
788 1425 931 1499 omniunt,
957 1426 1176 1506 quicunque
1204 1443 1246 1492 ee

168 1507 359 1586 viderint,
385 1507 424 1570 ad
451 1508 632 1590 peccandum
653 1511 842 1591 proclivitate
866 1527 936 1572 enne
959 1525 1079 1574 erronee
1110 1523 1243 1580 excusat.

168 1595 245 1660 ilino
267 1597 353 1658 etiarn
376 1611 430 1656 cur
450 1595 590 1657 laniem
611 1593 746 1657 dominae
759 1595 837 1658 laleo
860 1595 943 1658 credi
963 1599 1059 1659 emori
1080 1595 1168 1675 dicat,
1188 1617 1243 1680 ap-

167 1687 265 1764 parel.
296 1679 343 1744 (tt.
366 1679 413 1744 tlt.
434 1677 471 1754 lt,
494 1687 523 1755 2,
547 1683 649 1761 deqq.
678 1682 755 1756 „ille
782 1681 874 1742 deue“
901 1697 973 1746 reru
1000 1685 1041 1761 (r.
1062 1683 1127 1762 da),
1157 1685 1242 1748 cuiue

168 1769 270 1848 gratia
293 1767 410 1850 priores
437 1767 535 1828 critici
560 1767 689 1828 Amori
721 1767 921 1847 scripserunt,
951 1767 1078 1830 lacobus
1105 1785 1178 1833 reto
1200 1769 1242 1834 ad

165 1870 194 1916 ι.
218 1857 267 1916 3.:
287 1855 344 1929 „in
365 1855 520 1914 autore“
543 1855 726 1932 prouocauit,
755 1869 813 1914 uon
835 1863 918 1918 certo
941 1853 1069 1933 quodam
1092 1864 1162 1936 eget
1183 1873 1243 1919 to-

167 1939 285 2014 oeloulo,
306 1948 338 2002 ιιι
365 1939 417 2019 qui
438 1939 477 2002 eit
497 1937 692 2018 intelligatur,
712 1953 770 1999 non
792 1941 886 2017 nepio
917 1955 1006 2018 quern
1026 1956 1052 2003 r.
1076 1943 1128 2004 ott.
1147 1941 1196 2005 rel
1218 1940 1242 2019 l,

170 2029 199 2100 l,
217 2027 269 2088 ³1.
291 2024 316 2100 l,
335 2029 366 2100 4,
386 2029 436 2086 ιδ.
459 2031 510 2086 eut
531 2022 583 2086 ille
605 2041 681 2104 puer
703 2023 768 2098 llll,
792 2028 839 2100 to,
855 2027 906 2089 28.
928 2024 951 2099 t,
972 2029 1003 2100 d,
1026 2027 1092 2104 to.)
1116 2035 1145 2089 et
1162 2043 1242 2108 quae

167 2119 234 2174 nunt
254 2110 401 2173 eiusnodi
420 2099 660 2186 ἀντονομασίαι
681 2109 836 2190 plurimae,
858 2109 964 2191 quibua
988 2111 1154 2175 intellectus
1169 2101 1241 2176 ἀπὸ

164 2195 228 2260 τοῦ
245 2195 358 2258 κοινοῦ
381 2197 467 2258 venit.
512 2194 556 2258 Gi.
575 2196 611 2273 Q.
634 2196 668 2259 P.
692 2195 729 2270 tl,
752 2199 782 2260 d.
803 2214 828 2257 s.
849 2197 889 2262 11.
912 2195 940 2280 §.
961 2200 1011 2260 29.
1034 2215 1064 2279 p.
1088 2197 1161 2262 158.

266 2299 295 2346 ι.
319 2287 350 2346 il.
368 2286 417 2345 ιι).
440 2281 472 2342 ln
489 2280 647 2344 uerborum
669 2280 774 2343 ordine
795 2283 919 2362 optimae
941 2281 1124 2346 menbranae
1146 2284 1243 2348 secuti

163 2383 281 2443 eumne3
303 2375 333 2430 et
354 2365 527 2430 solidiorem
549 2367 740 2429 eiceersnunn
762 2375 907 2430 tentarant
928 2365 1004 2443 deri,
1028 2386 1114 2450 quarn
1137 2373 1242 2452 siponi

163 2470 293 2518 curata
315 2452 649 2532 tententiamintegranr
672 2451 850 2530 absolverit,
872 2453 945 2515 satis
965 2462 1056 2535 petet.
1100 2455 1242 2521 Ceterum

164 2539 346 2604 cecidere
368 2557 506 2616 manue,
530 2556 595 2601 corn
617 2555 676 2620 quo
696 2539 870 2603 Merlland.
886 2539 1060 2604 Ruhnkenio
1077 2541 1241 2622 plaudente

162 2625 251 2704 Virg.
275 2626 420 2701 litavi,
442 2627 511 2687 aa:
536 2625 607 2700 „Bis
629 2627 747 2706 patriae
762 2625 899 2688 cecidere
913 2629 1035 2686 ntaune“
1049 2630 1242 2708 compararit,

162 2709 266 2776 Burni.
288 2713 331 2774 ita
351 2711 578 2792 interpretatur,
606 2711 692 2790 quani
714 2711 888 2792 Propertius
906 2711 1042 2786 uniretur,
1064 2713 1188 2775 brachia
1211 2721 1242 2779 et
1271 2755 1278 2767 ι

163 2814 267 2860 nranne
297 2815 334 2860 en
357 2797 487 2860 lunerie
515 2812 575 2858 uon
605 2795 750 2858 excidisse
779 2796 859 2860 uelut
878 2798 909 2858 in
928 2812 1056 2878 poenam
1084 2797 1239 2878 perfidiae.
1278 2851 1281 2856 .

163 2883 252 2961 Quod
275 2901 333 2945 nnn
355 2883 425 2946 ideo
444 2898 719 2958 commemorantur,
743 2884 828 2962 quasi
850 2882 1030 2945 refutatione
1052 2894 1155 2960 egeat,
1186 2885 1241 2946 aed

163 2979 196 3033 ut
209 2987 274 3034 cnm
286 2969 443 3033 oltlnneria
459 2975 488 3032 et
501 2965 603 3047 hydria
619 2968 705 3030 nobie
718 2978 866 3031 certarnen
880 2968 1009 3031 luturnn
1025 2985 1090 3030 cese
1104 2969 1239 3051 exemplo

162 3053 364 3134 intelligetur,
393 3057 420 3118 ei
448 3063 507 3117 ιιιιι
535 3052 667 3122 abunde
694 3053 996 3135 commentandique
1024 3062 1053 3116 et
1083 3055 1239 3136 sigillati·

162 3139 318 3206 destruere
336 3141 470 3205 velintne.

264 3245 293 3291 ι.
314 3231 366 3290 dd.
388 3227 423 3290 Si
442 3228 473 3289 in
494 3223 550 3288 tuti
569 3223 639 3287 loco
662 3223 762 3286 aliena
787 3223 952 3286 inritatione
972 3241 1056 3284 naara
1077 3241 1143 3286 eeee
1164 3241 1239 3306 poe·

161 3317 222 3376 tan
239 3321 346 3394 putere
366 3313 473 3388 liceat,
502 3326 561 3372 non
589 3313 689 3391 inepte
712 3312 849 3373 conteras
866 3309 1007 3392 pulchros
1029 3307 1239 3373 llernesiaue-

162 3399 218 3464 etin
239 3417 343 3465 ιιιιιιι
365 3400 470 3464 Athen.
489 3397 569 3462 Xlll.
583 3414 613 3480 p.
627 3399 701 3462 598.
724 3395 760 3462 F.
782 3397 871 3478 legun.
886 3399 916 3462 5.
936 3412 966 3459 ι.
981 3398 1101 3480 79aqt1.
1124 3397 1258 3460 Beona

336 3524 409 3582 otte
426 3523 481 3598 μὲν
497 3519 556 3577 nlo‘
577 3518 678 3576 ὁπόσοι
696 3517 817 3604 σκιῃρόν
831 3525 895 3589 βίον
915 3511 1066 3584 datricem

367 3591 537 3682 ἀνθρώπων,
554 3585 668 3655 σκολιὴν
689 3607 841 3661 pantaptem
858 3591 972 3656 σοφίην,

245 3704 249 3711 .
337 3655 385 3721 οὓς
402 3657 469 3726 nure}
487 3660 554 3729 περὶ
573 3655 659 3727 πικρὰ
679 3657 772 3727 λόγοις
791 3659 823 3710 dc
849 3661 943 3736 ιγξατς
959 3655 1042 3726 μῆτις

368 3731 415 3782 eol
434 3726 631 3798 decriptione
645 3728 729 3790 κῆδος
748 3725 814 3790 ἔχου
859 3723 952 3792 onaan·

331 3795 389 3852 odd¹
411 3794 463 3852 οἵδ’
484 3793 566 3852 αἰνὸν
577 3791 697 3868 Ἔρωτος
716 3791 927 3866 ἀπεστρέψαντυ
944 3783 1091 3862 κυδοιμόν.

46 3949 50 3958 ·
161 3907 282 3977 Gertiou
302 3921 399 3976 tannen
420 3929 472 3975 rea
494 3920 540 3974 eet
561 3927 589 3971 r.
611 3911 664 3973 45.
686 3907 737 3970 ubl
758 3903 819 3969 rid.
843 3911 993 3967 annotata.

262 4015 292 4064 ι.
315 4000 367 4062 25.
385 4013 505 4060 eeroe.
528 3995 710 4061 Valckennr.
733 3993 771 4055 de
793 3991 882 4072 Eleg.
896 3987 1005 4054 Getull.
1027 3983 1145 4050 Gelliut.
1166 4002 1238 4048 con·

159 4082 233 4148 iecit
252 4101 372 4147 cerno.
408 4082 489 4146 Dicti
515 4079 617 4164 pudet.
659 4079 732 4142 Naro
759 4095 857 4159 neque
886 4075 1032 4139 cententio
1053 4071 1128 4136 illud
1152 4071 1237 4134 eida-

160 4171 245 4248 gliat,
268 4180 298 4233 ct
312 4185 416 4233 uerene
437 4168 527 4251 perit.
570 4167 727 4248 Nunquam
742 4165 817 4227 enim
830 4163 1014 4244 Proponunt,
1034 4159 1093 4250 niti
1110 4158 1143 4219 iu
1157 4173 1237 4218 trao-

158 4253 343 4342 ιῖημιμερεῖ
362 4255 480 4318 loretetu
503 4262 614 4317 natura
630 4251 773 4332 syllabam
796 4247 946 4332 producit.

263 4360 291 4407 r.
312 4344 467 4408 att-to.
495 4341 609 4407 Nexnn
637 4341 743 4404 larun
769 4350 907 4404 ιιιιιιιιιιι
935 4339 965 4398 ιι
985 4328 1166 4396 ιοιιιιιιιιιι
1186 4343 1237 4394 re·

200 4421 262 4494 111.
991 4417 1033 4482 nn
1157 4495 1160 4504 ¹
