2812 4918
247 345 327 432 372
589 261 864 432 Condutarioaf
878 337 913 406 tn
932 335 1029 426 Prop.
1159 357 1164 367 ·

255 513 386 587 l’baedr.
415 531 446 598 p.
473 517 547 577 117.
578 509 716 594 xenopt.
739 503 861 578 'beton
891 513 943 589 11,
968 515 1018 578 tt.
1056 501 1171 578 Platon.
1197 501 1307 590 tamt

256 625 288 691 p.
302 609 375 670 ais.
391 598 507 665 roone.
520 597 746 674 Ouorn.1X‚db.
767 597 940 663 armaten.
953 597 1117 664 Gbarioid.
1130 598 1309 682 i’·³⁸⁸¹ii·)r

257 688 503 775 pbilosophorum
536 685 786 748 ambulationibus
813 681 1089 768 frequentabantur.
1140 684 1236 767 Nepae
1259 697 1309 761 ego

258 793 337 843 anuo
356 773 469 850 dubito,
491 773 562 854 quin
584 789 633 853 ap.
648 769 810 852 capitolin.
823 774 930 835 boton.
948 771 1027 836 Pbii.
1042 777 1093 838 ab
1109 788 1165 854 pro
1179 787 1223 847 ee,
1240 766 1310 851 quod

259 879 336 929 nono
358 870 416 924 est:
443 856 551 941 „Apud
572 859 736 940 Aegyptios
756 857 849 921 eirea
871 873 904 922 ae
927 859 991 938 egit
1009 865 1040 921 et
1058 856 1310 940 pbilosopbaa

259 954 293 1015 in
321 945 457 1012 omnibus
485 942 646 1018 studiis,
678 943 813 1026 templis,
841 943 939 1007 ioeir⁴⁸
957 973 1000 990 -
1028 943 1186 1024 degentiun
1211 941 1311 1006 eitria

262 1035 397 1102 oranibua
418 1030 573 1095 stadiis.
595 1061 638 1076 -·-
656 1029 847 1094 dordoniam
871 1045 944 1094 rero
961 1031 1042 1095 inter
1061 1031 1213 1112 aurasia
1228 1027 1313 1092 dttioa

170 1117 174 1126 ’
261 1118 501 1187 ambulacris
522 1117 585 1179 iliis
607 1115 799 1180 stadiatio
819 1115 1005 1192 exoalioiaee,
1027 1113 1248 1200 quiaignorett
1271 1111 1313 1175 Gi.

261 1207 339 1274 rttn.
360 1203 395 1266 ii.
417 1205 454 1266 11.
474 1203 541 1280 1111,
560 1204 590 1265 b.
612 1199 677 1266 [iio.
699 1201 793 1266 dead.
813 1202 839 1276 1,
859 1206 890 1265 4.
913 1203 1018 1266 Horat
1031 1203 1089 1286 Ep.
1111 1205 1148 1278 11,
1165 1207 1196 1278 i,
1208 1196 1314 1266 dbubi

261 1291 323 1360 rid.
345 1286 476 1354 Soborid.
539 1287 622 1351 liaeo
648 1287 741 1368 igitur
767 1296 835 1351 aaut
861 1287 1104 1364 „nobilitata
1132 1290 1188 1353 illa
1214 1284 1314 1350 deado·

262 1381 340 1443 niae
368 1376 524 1458 apatia“
549 1390 600 1454 ap.
630 1373 694 1438 (iio.
721 1375 786 1440 Fin.
808 1373 830 1436 1.
853 1373 874 1436 i.
916 1371 962 1438 At
989 1375 1046 1438 boo
1074 1375 1226 1460 exemplar
1250 1371 1316 1432 iden

262 1464 382 1530 'deibus
403 1459 639 1524 Academiam
660 1477 742 1524 auant
763 1462 794 1522 in
813 1459 953 1537 Gonane,
976 1465 1074 1544 etqui
1094 1463 1203 1524 eunde
1224 1461 1317 1522 11ιιιι·

262 1567 368 1616 uorura
393 1547 594 1626 elegantiores
619 1546 709 1610 siusili
734 1546 822 1610 ntodo
849 1547 937 1610 rillaa
965 1549 1024 1610 ribi
1051 1555 1249 1632 parauerunt,
1272 1543 1318 1605 bar

262 1655 324 1702 aon
350 1633 522 1698 nemoribus
550 1631 660 1706 toturn,
695 1633 750 1695 aed
783 1633 878 1712 xystis
896 1634 985 1698 etiarn
1007 1643 1037 1697 et
1064 1633 1185 1697 exedris
1207 1643 1236 1694 et
1255 1638 1319 1692 sta·
1386 1689 1387 1712 p

263 1723 341 1786 diis
363 1729 590 1784 exornareruut.
634 1717 680 1782 Gi.
701 1718 984 1794 ctr.deeo.1v‚o.
1007 1719 1089 1783 Brut
1112 1725 1144 1785 b.
1168 1722 1270 1782 Seneo.
1289 1711 1320 1774 de
1386 1721 1387 1728 ’

263 1811 315 1874 dra
341 1807 394 1884 111,
423 1807 473 1870 18.
502 1807 624 1867 sueton.
646 1805 773 1884 Aegon.
796 1809 847 1869 ta.
876 1805 1049 1869 Schneider.
1072 1807 1110 1869 ad
1131 1801 1283 1870 vittoni.
1302 1799 1320 1861 1.
1386 1879 1387 1882 ¹

263 1913 295 1980 p.
307 1897 382 1960 400.
404 1891 442 1955 ad
463 1889 552 1956 verr.
565 1891 600 1953 tt.
617 1890 654 1954 tt.
669 1889 706 1953 11.
731 1891 827 1972 praei.
842 1895 871 1952 2.
882 1909 911 1973 p.
926 1895 998 1956 ooo.
1013 1893 1082 1956 etin
1094 1891 1161 1955 iad.
1175 1911 1205 1974 p.
1218 1893 1287 1952 419.
1386 1891 1387 1924 ¹

366 1996 395 2044 ι.
418 1979 468 2040 28.
497 1977 618 2039 Laobur.
643 1977 778 2038 torribus
803 1975 874 2039 olinr
902 1978 1069 2060 desperatis
1097 1989 1241 2041 eomrnate
1267 1977 1324 2055 poti
1386 2045 1387 2052 p

263 2065 532 2142 librorumque
552 2061 651 2142 posito
670 2063 829 2126 subrenire
848 2063 967 2138 studuit,
994 2074 1027 2128 ut
1054 2065 1204 2144 genitivus
1225 2080 1242 2124 e
1262 2073 1324 2121 rora
1386 2057 1387 2144 i

265 2151 427 2214 erudiunt
449 2153 490 2222 (ι.
510 2151 578 2221 11.)
599 2147 859 2227 pentametros
881 2149 984 2213 sales
1005 2168 1087 2225 rero,
1107 2161 1139 2213 ut
1162 2167 1253 2232 supra
1268 2147 1325 2208 lie·
1386 2219 1387 2230 ἵ

265 2237 480 2300 ruostbenis
501 2250 615 2308 arara,
637 2235 788 2316 appositio
809 2243 898 2299 esset.
939 2239 1146 2300 Aerentinatnr
1161 2236 1283 2299 iauobur
1302 2233 1326 2290 et

265 2322 430 2386 laoobriua'.
473 2321 512 2382 dt
537 2319 684 2400 Quando
715 2320 907 2384 libroruut
934 2323 1105 2386 studium
1128 2324 1237 2386 sales
1256 2317 1326 2382 bie·
1386 2343 1387 2419 p

264 2405 407 2470 nondri
429 2403 593 2468 dieanturt
615 2412 661 2468 du
683 2406 741 2470 boo
761 2407 865 2484 uoluit,
886 2409 965 2488 quoti
988 2419 1085 2472 tannen
1100 2427 1137 2472 ne
1158 2411 1203 2472 sie
1221 2403 1327 2488 quiea

263 2493 404 2557 batinun
430 2507 497 2554 esee
524 2492 588 2568 aio,
616 2499 649 2555 ut
669 2491 896 2556 Demosthenem
919 2488 1090 2578 δεινότητα
1112 2513 1197 2557 suern
1219 2495 1328 2570 linguat

264 2578 381 2654 studio,
407 2578 451 2641 aio
477 2577 578 2641 sales
606 2594 697 2640 auor
718 2579 963 2642 Menandrorn
992 2581 1191 2644 libroruin
1211 2575 1328 2644 studio

265 2665 472 2730 debuisset
522 2663 716 2728 irrisoris
739 2666 798 2728 ista
825 2665 890 2728 laus
919 2667 1014 2743 ioret,
1047 2685 1106 2729 non
1134 2661 1328 2729 admiratorio.

263 2751 436 2816 Naturales
457 2766 517 2814 non
533 2749 632 2814 studio
653 2750 845 2815 autleotiono
863 2760 1018 2832 parantur,
1037 2753 1090 2814 sed
1110 2765 1239 2816 naturae
1259 2750 1329 2811 dono

263 2839 360 2919 gratis
381 2838 599 2918 impertiuntur.
647 2837 751 2918 duone
772 2835 843 2901 ooli.
865 2837 901 2914 Q.
922 2837 957 2902 P.
976 2839 1014 2914 11,
1035 2843 1065 2902 6.
1086 2837 1113 2922 §.
1134 2844 1188 2902 24.
1211 2857 1242 2920 p.
1267 2836 1328 2898 144.

263 2941 368 2987 eonon.
388 2924 426 2986 ad
448 2921 496 2986 Ei.
517 2921 570 2998 111,
590 2925 621 2997 9,
642 2927 693 2986 ut.
719 2939 779 2987 oon
801 2923 966 2998 dubitabis,
996 2926 1068 3005 quin
1094 2927 1238 3006 enallage
1265 2923 1330 2985 baeu
1385 2945 1386 2948 ι

264 3011 304 3074 sit
322 3011 462 3074 adieetiri
484 3007 550 3070 suia
570 3008 627 3070 illa
646 3011 743 3090 poetis
765 3011 894 3090 antiquio
915 3026 1066 3086 conuersa,
1093 3029 1164 3094 qua,
1193 3027 1258 3075 euro
1278 3007 1330 3068 duo

253 3095 451 3160 substantiva
479 3095 509 3155 in
538 3095 624 3156 unios
652 3095 871 3175 quodamnodo
892 3097 1024 3160 notionis
1050 3099 1193 3161 anbitnrn
1216 3094 1332 3159 eonion·

263 3191 384 3260 gantur,
405 3181 586 3254 attributum,
612 3180 693 3260 quod
713 3183 837 3264 proprie
859 3181 896 3245 ad
917 3183 1183 3262 genitivum-iliu·
1206 3183 1332 3246 rederen-

128 3331 130 3337 ,
264 3267 332 3329 dun
362 3275 442 3340 erat,
481 3267 539 3360 ippi
570 3267 681 3328 noniai
709 3267 846 3346 generali
874 3267 1060 3332 addatur-
1082 3272 1184 3334 rarius
1223 3277 1330 3333 eontra.

264 3349 352 3430 Quod
379 3353 563 3432 qrranturnuis
589 3359 673 3414 tuos
695 3351 885 3416 libroroar
917 3355 1021 3418 eaies
1053 3371 1111 3436 pro
1146 3356 1330 3418 librorum

262 3447 415 3502 tuoronr
449 3437 553 3498 sales
578 3437 699 3500 'diamur
732 3449 901 3502 nostraroat
931 3441 1101 3519 iroguarunr
1129 3443 1262 3521 ingeniis
1287 3453 1330 3500 re·
1384 3437 1385 3466 ¹

261 3531 375 3603 pugnet
393 3527 439 3598 (ut
452 3524 478 3584 ai
492 3521 666 3585 Germanice
682 3535 798 3588 vertas:
819 3525 957 3601 ‚actm
973 3525 1225 3608 Briederwita“)‚
1244 3523 1330 3590 nibiio

261 3617 361 3672 tanen
381 3610 475 3672 reinna
496 3609 634 3671 Latinum
655 3611 723 3687 erit,
744 3619 831 3692 quan
853 3613 1105 3676 ceteraeirrsdaa
1126 3607 1328 3694 genuisti
1384 3613 1385 3670 i

261 3693 384 3772 uellera,
406 3712 484 3776 quae
502 3697 529 3757 ei
549 3695 588 3757 ad
610 3695 704 3759 rerba
723 3697 946 3779 interpreteris:
967 3697 1136 3776 „Kauaede
1147 3693 1332 3760 Dr'ebatriddr

183 3771 190 3790 ⁸
261 3779 318 3840 dee
345 3778 487 3859 hogero,
519 3777 672 3858 gebriekto
701 3780 813 3859 Kriree,
841 3783 1026 3846 errabundis
1050 3777 1329 3866 schoenobates,

260 3863 495 3928 verhoiratdete
522 3864 675 3943 factare,
700 3863 896 3944 bernadum
918 3867 1176 3949 Kennzeioderu·
1191 3865 1331 3932 neruo

258 3949 331 4012 robe
350 3949 589 4027 Horreorum
607 3956 675 4017 iore
692 3957 874 4020 nostratibus
894 3957 987 4020 risun
1008 3957 1131 4022 debeas.
1169 3956 1213 4022 Et
1234 3957 1330 4020 autaut
1384 3979 1385 4047 p

260 4037 425 4102 arrdaoiora
447 4041 534 4102 etiarn
556 4039 587 4100 id
600 4057 696 4119 genua
713 4041 841 4122 piurima
861 4043 891 4103 in
912 4055 1039 4126 utraque
1057 4046 1159 4124 iiupua
1188 4037 1330 4124 exenpia

258 4123 334 4188 Nara
354 4143 392 4187 ne
413 4125 565 4204 Meleagri
585 4125 659 4189 iliud
674 4125 770 4190 diram
792 4145 839 4208 ep.
856 4133 927 4192 ib:
949 4121 1010 4192 ἅδε
1025 4126 1109 4214 φίλα
1130 4126 1331 4214 θρέπτει-

257 4228 308 4293 ρα
327 4203 468 4294 χάρις,
498 4209 580 4291 quod
599 4211 735 4294 quantit
755 4215 920 4296 proximum
939 4217 978 4279 uit
998 4217 1084 4278 buius
1106 4218 1201 4279 nostri
1220 4211 1271 4278 El.
1285 4207 1329 4282 [Vr

257 4299 288 4374 3,
310 4299 384 4362 lta
409 4295 561 4360 iiaeone
588 4299 728 4366 ruarita
746 4298 873 4379 tideo,
903 4309 1001 4368 bnon
1027 4304 1199 4370 uritiroruar
1223 4301 1329 4364 ιιι11ιιι
