2912 4920
495 290 502 305 ι
571 319 838 440 magnate
1168 357 1289 442 ma·

166 519 235 586 crit
262 519 386 604 llauptri
416 519 550 594 (Annali
578 521 689 590 l’iilol.
718 523 804 608 Llpr.
828 529 923 595 1811.
949 527 1012 597 rol.
1031 535 1083 599 111.
1112 533 1185 600 lanc.
1209 539 1241 608 ³.

141 625 196 690 p.
217 609 314 686 did),
345 609 392 670 cni
414 618 529 690 atqua
549 609 697 692 languere
717 613 884 694 ridebatur,
911 613 1034 700 uosque
1053 623 1239 692 scribendum

166 694 291 757 ceusrrit.
336 691 426 772 Quod
444 697 469 757 si
491 713 546 778 pro
571 715 721 782 semper
741 702 868 781 positum
890 719 957 767 essa
971 705 1074 785 uoluit,
1091 709 1239 792 languore

165 779 224 844 isto
248 781 338 842 multo
358 780 528 859 languidius
546 784 603 846 lucc
624 783 769 848 rideatur.
819 785 934 850 Etenim
954 807 1018 854 com
1040 795 1177 864 reductos
1198 803 1238 866 alr

166 867 261 930 ariete
281 884 391 944 greges
414 879 504 948 poeta
527 867 616 944 dieat,
637 869 707 951 quid
722 871 836 934 addere
860 875 973 940 rettulit
993 887 1164 964 semper?
1185 887 1240 955 aut

167 951 238 1034 qnid
265 954 389 1015 interest
416 955 509 1030 scire,
538 975 604 1017 nom
632 958 777 1038 nnnq'uam
800 961 879 1024 aries
902 967 1030 1027 muneris
1057 971 1103 1032 sui
1128 972 1238 1039 oblitus

165 1039 281 1102 luerit?
323 1039 504 1102 lamocom
529 1041 702 1106 adverbium
732 1062 854 1126 usque
882 1057 1003 1112 eatenus
1026 1050 1176 1121 dumtaxat
1197 1061 1236 1124 alr

166 1125 264 1187 altaro
286 1141 434 1208 semper
454 1125 588 1202 diderat,
615 1127 694 1209 proed
717 1133 885 1194 continuam
905 1136 1051 1200 actionem
1079 1143 1237 1225 siguificat,
1265 1140 1274 1159 ⁸

166 1210 314 1292 quamdo
328 1211 530 1275 reduxisse
553 1223 663 1278 tantum
674 1217 807 1292 arietem,
828 1235 886 1281 oon
908 1219 1090 1290 eduxisse
1109 1247 1237 1310 nuquam

164 1315 275 1376 greges
297 1307 389 1376 poeta
415 1298 551 1362 diceret?
593 1299 699 1382 ltaque
726 1301 751 1364 si
779 1305 937 1386 quidquam
966 1313 1134 1376 mutandum
1157 1329 1238 1385 esset

165 1383 247 1458 (uam
270 1382 307 1446 de
329 1403 382 1444 usu
400 1385 567 1466 particulae
589 1397 707 1467 atque
728 1388 793 1468 ipse
814 1389 927 1467 dubito,
947 1395 986 1456 ci.
1010 1413 1112 1465 comm.
1135 1401 1182 1466 El.
1197 1405 1237 1484 ll,
1294 1469 1297 1474 ,

166 1473 218 1542 26,
236 1471 299 1544 8.),
328 1469 493 1533 litterarum
522 1473 692 1552 vestigia
721 1473 895 1555 diligentius
922 1483 1016 1544 secuti
1051 1501 1236 1570 proponere·

165 1573 245 1616 mus:
270 1554 461 1634 Corniger
482 1559 708 1640 Amphrysei
729 1561 783 1635 (ci.
802 1561 876 1640 Q.P.
890 1563 926 1640 ll,
940 1569 971 1629 6.
984 1585 1008 1631 s.
1023 1567 1076 1634 111.
1088 1591 1117 1654 p.
1135 1579 1222 1654 165.)

164 1641 322 1704 lloctiores
343 1641 473 1704 fortasse
496 1645 671 1706 maluerint:
695 1645 884 1726 Corniger
906 1653 1051 1732 Actaei,
1074 1659 1157 1724 cuius
1180 1661 1235 1728 tiit
1349 1651 1353 1657 ¹

165 1737 195 1790 et
215 1727 296 1789 tiliae
320 1729 489 1808 pastoricii:
511 1738 540 1792 et
561 1731 679 1792 rusticis
700 1737 903 1810 cognomentis
926 1737 1059 1819 insignes
1088 1762 1152 1810 cum
1176 1747 1234 1814 diis
1272 1790 1277 1798 -

165 1823 195 1875 et
217 1813 355 1876 lernihus
376 1816 523 1877 connubio
545 1823 574 1878 et
596 1819 770 1880 commercio
792 1823 960 1900 promiscuo
984 1827 1053 1890 olim
1068 1833 1234 1901 utebantur.

165 1899 265 1962 'lestis
286 1899 413 1962 Pansam.
434 1900 457 1962 1.
479 1903 568 1964 Attin.
591 1906 620 1976 2,
642 1905 674 1967 d.
719 1902 774 1966 Grri
795 1905 957 1972 Gessnerus
974 1915 1057 1976 cordi
1087 1928 1141 1994 est,
1170 1932 1235 1985 tcu-

164 1995 231 2048 tare
253 1985 361 2066 possit:
383 1987 546 2050 Arcadii
567 1987 589 2049 i.
605 2005 630 2050 e.
651 1988 793 2065 lirandri,
816 1995 866 2072 qui
889 2012 975 2074 quam
995 2015 1091 2082 prope
1112 2005 1234 2072 immor-

163 2071 241 2135 tales
271 2074 431 2151 contigerit
458 2074 531 2135 ratis
553 2081 598 2138 est
619 2084 728 2161 notum.
782 2077 822 2140 At
850 2085 997 2146 sententia
1025 2098 1104 2151 certe
1133 2093 1233 2170 salto:

164 2167 196 2220 et
222 2160 386 2226 rectissime
406 2159 551 2222 lacobus:
582 2157 700 2236 ,Etiam
728 2161 805 2224 lonc
831 2183 947 2228 tersum
973 2173 1057 2237 saria
1085 2181 1235 2245 tentarunt

161 2245 286 2307 frustra.
330 2245 381 2307 Sic
400 2246 476 2307 euim
496 2245 561 2308 fieri
583 2247 670 2323 solet,
699 2255 732 2312 ut
757 2249 782 2310 si
801 2253 893 2316 semel
922 2253 1111 2324 difficultates
1134 2277 1233 2331 motae

163 2332 232 2404 sint,
260 2331 347 2412 pauci
369 2331 541 2414 incorrupto
564 2332 652 2394 ocnlo
672 2335 830 2416 animoque
852 2331 984 2405 rideant.⁸
1031 2343 1138 2412 Pastor
1157 2355 1234 2416 enim
1260 2339 1263 2348 ’

164 2415 248 2494 dans,
271 2417 320 2498 qui
341 2417 394 2479 illo
408 2427 541 2498 tempore
555 2419 699 2482 interesse
720 2421 886 2486 homiuibus
906 2444 963 2490 non
976 2433 1145 2512 recusabat,
1168 2439 1234 2502 sine

163 2501 255 2566 dubio
276 2504 386 2584 Apollo
408 2503 456 2566 rel
476 2501 592 2582 νόμιος
612 2505 660 2567 rel
680 2503 798 2571 Admeti
821 2509 966 2575 bubulcus
990 2525 1043 2592 est,
1072 2539 1090 2582 a
1112 2521 1170 2586 dea
1192 2523 1233 2588 ad

163 2587 345 2738 deumdpdcst
363 2587 402 2654 ad
423 2589 496 2653 deos
518 2589 649 2673 demone
668 2593 777 2674 optime
797 2597 936 2678 procedit
953 2603 1083 2667 cratio.“
1102 2607 1233 2676 Verbum
1263 2647 1266 2654 r

161 2693 222 2740 aon
244 2695 263 2739 a
304 2693 333 2740 o.
357 2719 362 2726 -

266 2807 294 2851 r.
312 2792 364 2852 42.
392 2787 533 2850 restris
558 2796 640 2852 recte
664 2807 683 2850 a
704 2789 856 2872 Scaligcri
883 2797 1075 2864 coniectura:
1103 2805 1232 2868 versis

154 2874 343 2964 'Lachmann
365 2872 506 2938 detrudit
550 2873 597 2938 Gi.
619 2875 655 2954 Q.
673 2874 709 2938 P.
730 2877 766 2953 ll,
785 2883 817 2943 6.
839 2881 924 2946 all.
947 2881 974 2966 ξ.
999 2889 1030 2951 5.
1053 2899 1083 2970 p'.
1104 2879 1181 2956 116.

266 3005 296 3052 t.
318 2989 471 3050 tin-to.
502 2984 611 3070 Lepidi
632 2986 782 3065 versiculi,
811 2992 917 3071 quibus
938 2993 977 3056 ad
999 2997 1118 3078 singula
1142 2999 1235 3064 rerlta
1347 2969 1371 3046 ·'

162 3071 319 3138 Leonidae
345 3071 499 3136 Tarentini
530 3074 701 3153 epigramm.
727 3079 776 3138 17.
796 3080 872 3142 Aoo.
893 3079 946 3146 Br.
967 3081 990 3145 l.
1012 3101 1044 3167 p.
1062 3087 1136 3150 224.
1158 3085 1236 3170 (Aa.

163 3159 239 3226 thol.
255 3159 320 3224 l’al.
342 3159 396 3236 lx,
416 3161 505 3237 337.)
527 3157 702 3240 Propertius
723 3160 870 3228 reddidit:

334 3271 468 3344 Eddypsr,
486 3277 639 3344 λαγοθῆρα,
658 3277 705 3328 ναὶ
722 3279 747 3330 al
764 3273 882 3366 nerrpod
901 3275 1013 3339 derisor

368 3341 479 3407 Ἰξευιής
496 3338 579 3412 ἥκεις,
596 3343 671 3398 τοῦθ’
692 3341 746 3398 ὑπὸ
763 3347 864 3402 dccccv
882 3346 964 3432 ὅςας·

338 3409 419 3480 Κάμὲ
436 3410 485 3464 τὸν
504 3406 629 3484 ὑ1ήωρον
645 3407 702 3465 ἀπὸ
720 3421 981 3486 κρημνοῖο,βοασον

370 3481 468 3534 Πᾶνα·
486 3477 666 3550 σαναγρεύσω
684 3485 732 3534 nal
749 3485 813 3536 κυσὶ
830 3488 878 3538 καὶ
894 3488 1038 3560 καλάμοις.

164 3585 269 3670 Neque
298 3586 409 3652 iniuria
443 3589 593 3671 almplices
624 3592 721 3654 teneri
757 3585 896 3658 firminis
932 3596 1093 3663 munditiae
1125 3601 1238 3666 reteri·

166 3676 222 3738 ltus
249 3673 441 3756 placuerunt,
473 3695 546 3757 quas
573 3677 709 3740 certatim
738 3679 844 3742 imitati
871 3691 939 3745 runt
968 3683 1093 3764 Satyrus
1115 3688 1236 3752 dntlol.
1266 3737 1269 3742 .

166 3759 232 3828 Pal.
253 3761 293 3837 X,
314 3765 362 3826 11.
380 3761 468 3844 (dun.
487 3761 538 3827 Br.
561 3761 698 3840 111181.
726 3783 755 3828 n.
772 3767 854 3844 lte,
881 3769 933 3850 qui
956 3769 1035 3836 inter
1055 3760 1236 3854 ἀδέσποτα

166 3847 292 3926 nstro·
339 3961 405 4016 Eira
424 3957 487 4030 σύγ’
507 3957 690 4034 ὀρνεόφοιτον
706 3961 777 4034 ὑπὲρ
795 3964 936 4038 ναλαμῖδα
952 3965 1078 4030 παλύνας

370 4027 427 4099 Ἰξῷ
445 4029 616 4102 ὀρειβατέεις,
634 4034 687 4086 alra
706 4035 912 4104 λαγακιονέεις,

338 4099 421 4150 Πᾶνα
439 4099 525 4154 κάλει·
544 4101 606 4152 νυνὶ
624 4097 689 4152 Πὰν
707 4105 805 4154 lonico
823 4099 911 4164 :redde
931 4107 1005 4175 ἴχνια
1022 4111 1127 4177 φαίνει·

370 4160 513 4221 Σύνθεσιν
531 4165 665 4222 osorton
680 4166 745 4222 Πὰν
762 4167 863 4240 ἀνάγει
880 4171 1022 4244 καλάμων.

130 4290 134 4300 “
167 4279 199 4338 et
211 4269 343 4423 ¹lllppciur
365 4287 414 4354 ep.
434 4273 485 4335 14.
505 4271 580 4338 aaa.
599 4270 652 4336 Br.
673 4271 712 4354 ll,
734 4276 807 4340 296.
829 4274 967 4358 (dutloi.
985 4279 1051 4430 {apl‘
1065 4279 1118 4356 tx,
1134 4279 1239 4359 elil:
