2950 4932
444 922 899 1014 commentarius

651 1083 695 1148 iu
805 1161 808 1176 .

225 1215 333 1316 Sex.
371 1225 530 1325 riurei.
560 1231 810 1358 Propertii
846 1243 1118 1368 Elegioruru

491 1447 519 1511 1.
546 1450 606 1514 ils
637 1469 655 1517 r
682 1474 703 1518 n
730 1475 760 1521 m
792 1457 846 1527 111.

590 1625 747 1643 Ἢ

511 1739 751 1834 lelegis
791 1751 831 1824 1.

218 1869 301 1970 no
329 1907 525 1994 dispositione
551 1921 639 1989 huius
665 1931 804 1996 carminis
835 1935 948 2014 egimus
978 1935 1014 2016 Q.
1045 1939 1080 2003 Ρ.
1103 1941 1142 2020 11,
1170 1945 1202 2012 d.
1309 2015 1311 2020 ,

124 2007 159 2074 p.
173 1991 226 2055 84.
249 1992 287 2056 de
299 2001 542 2069 translationibus
553 2027 626 2073 sero
642 2018 767 2080 oonsilio
781 2025 898 2084 motulis
916 2021 989 2086 ilrid.
1002 2023 1039 2100 11,
1055 2029 1086 2090 4.
1103 2047 1132 2110 p.
1149 2035 1201 2098 lo.
1246 2083 1254 2102 .

229 2077 347 2144 Initium
369 2090 506 2154 carminis
529 2113 548 2156 s
568 2098 680 2162 crilieis
704 2114 733 2166 et
745 2104 955 2188 interpretibus
975 2113 1093 2190 puriter
1109 2135 1202 2181 sexu·

125 2167 199 2237 lum,
220 2165 271 2244 qui
293 2167 324 2228 in
344 2189 402 2236 une
421 2179 568 2245 roesbulo
590 2202 702 2250 suero
722 2189 776 2254 Pis.
792 2195 918 2258 msxiure
933 2197 1103 2263 luseseruut
1144 2204 1223 2272 At,

125 2263 187 2328 que
204 2249 313 2332 Eldplt.
341 2257 460 2336 quidem
481 2264 579 2347 Epist.
608 2269 647 2334 ed
677 2273 798 2340 Septen.
827 2277 898 2343 dots
920 2281 963 2344 ei:
1009 2283 1065 2345 (lui
1094 2299 1222 2356 serta«

123 2331 182 2397 Plr.
204 2336 274 2399 eoil.
290 2341 340 2403 19.
364 2353 394 2407 et
414 2345 464 2425 IV,
479 2353 510 2427 d,
525 2357 555 2416 3.
570 2356 710 2422 susurre.
733 2363 881 2446 seripts
903 2367 997 2432 soluit
1017 2369 1199 2442 Vuleienur.

123 2418 172 2496 (in
187 2417 295 2502 Frgm.
317 2424 435 2494 Gallim.
460 2439 514 2517 l.)‚
542 2439 596 2502 sed
619 2446 669 2524 qui
688 2447 731 2508 its
748 2449 865 2530 penitus
886 2451 1049 2517 interstum
1068 2455 1200 2542 Proper-

120 2505 198 2568 tium
216 2511 346 2590 putssit,
372 2526 405 2580 ut
427 2523 524 2587 omnis
545 2529 724 2595 coniecturis
744 2533 838 2598 liuere
857 2537 1003 2603 erederet
1053 2541 1117 2607 Nee
1137 2563 1200 2612 me·

120 2588 184 2653 lius
196 2591 368 2663 western:
386 2602 458 2670 Cois
477 2625 567 2674 esre
587 2614 713 2693 Phileto,
728 2630 780 2685 unt
791 2621 948 2704 Suringur.
963 2625 1071 2706 Progr.
1086 2634 1197 2699 idoli:

120 2675 218 2742 noun
240 2680 351 2759 iuna,
371 2687 499 2758 Plrilets.
523 2695 635 2762 Gontrs
650 2705 803 2782 ingeniose
816 2725 889 2772 sune
900 2710 1103 2777 Ksemmerer.
1118 2715 1197 2796 (An-

118 2761 197 2827 nali.
218 2765 302 2831 ludu.
325 2771 379 2834 ΙΙΙ.
402 2776 508 2862 Suppl.
532 2788 562 2847 t.
584 2785 644 2850 soi.
665 2789 702 2852 ll.
726 2810 794 2856 sun.
819 2797 945 2870 1835.):
974 2799 1196 2881 simulsers,

119 2858 157 2912 ut
174 2855 348 2934 compendio
371 2864 537 2944 scripturus
552 2875 750 2954 eorruptelsm
773 2886 867 2942 ertum
887 2899 954 2944 esse
974 2894 1119 2950 censeret
1150 2889 1196 2955 lle

118 2933 192 2998 loeo
213 2940 289 3002 eninr
310 2943 562 3018 Hermesisnsetis
582 2960 736 3040 eogitulrst
765 2963 888 3043 (Athen.
909 2966 991 3033 Xlll.
1014 2986 1044 3051 p.
1067 2973 1141 3038 598.
1161 2975 1195 3040 P.

119 3017 208 3103 usn.
228 3027 261 3090 5.
280 3047 310 3110 p.
332 3033 373 3096 75
388 3051 455 3117 sqq.
479 3037 604 3122 Europ:

225 3142 317 3210 Οἶσθα
333 3147 366 3203 dd
383 3153 431 3204 seul
448 3151 499 3210 τόν
515 3156 557 3212 r'ro
567 3155 654 3230 rddr,
672 3153 706 3215 dr
720 3161 891 3234 Εὐρυπύλου
907 3168 1037 3236 πολιῆται

257 3216 519 3286 Κῷοιχάλκειον
540 3229 632 3294 θῆκαν
649 3225 706 3284 ὑπὸ
726 3231 899 3304 πλατάνῳ
916 3255 941 3291 rr.
959 3253 984 3294 s.
1002 3243 1027 3294 l.
1130 3265 1133 3275 ·

114 3327 179 3394 spuo
200 3311 268 3379 luto
290 3324 509 3406 sepulerum
531 3333 663 3413 imagine
684 3339 792 3401 mortni
811 3347 921 3422 postus
944 3351 1080 3408 ornatum
1097 3345 1193 3425 signi·

114 3397 204 3462 liortri
224 3403 376 3472 credebat.
420 3415 472 3478 Sin
486 3417 662 3484 Gullimseii
683 3425 820 3488 orsu-es
843 3437 873 3492 et
894 3430 1099 3510 imaginem
1120 3432 1191 3496 Phi-

114 3483 199 3548 letse
220 3493 326 3555 mortui
340 3501 456 3579 puriter
477 3505 621 3569 iusoesri.
663 3511 703 3572 At
717 3513 853 3592 primun,
874 3514 901 3575 si
929 3514 967 3578 de
988 3533 1078 3580 sero
1099 3517 1189 3584 ineo

114 3580 148 3634 et
170 3571 209 3634 de
228 3593 319 3641 sero
341 3584 500 3652 simulacro
523 3603 606 3656 uerso
629 3593 697 3658 loto
720 3599 818 3678 posito
834 3608 952 3678 ugstm,
970 3603 1073 3665 mirum
1088 3605 1189 3694 inercie

112 3656 225 3736 luerit,
258 3664 444 3748 Propertium
466 3679 585 3755 preesri
614 3691 646 3742 ut
666 3681 697 3744 iu
719 3683 839 3747 diverse
861 3684 946 3760 locs,
974 3689 1188 3756 Alexandriam

113 3749 147 3806 et
165 3742 209 3807 (io
229 3745 364 3831 insulem,
387 3759 500 3824 simul
521 3761 700 3830 admittetur.
743 3771 869 3846 Deinde,
891 3771 920 3834 id
934 3771 1188 3855 querimoniosus,

111 3837 215 3894 sistus
240 3835 295 3898 ills
311 3857 369 3904 uon
391 3853 524 3922 mortuo,
553 3851 606 3912 sed
627 3855 712 3916 riru
738 3855 836 3920 adine
857 3857 991 3921 Plriletue
1010 3863 1109 3940 posits
1131 3872 1185 3928 est.

110 3911 230 3980 Etenim
257 3921 418 4006 Philetsm,
454 3935 607 4016 aequalem
635 3937 810 4005 Gullimuelri
840 3951 870 4005 et
892 3943 1057 4008 Alexandri
1084 3950 1185 4012 Aetoii

111 3997 189 4076 (Vis.
211 4007 296 4072 drst.
319 4011 355 4074 Τ.
378 4013 400 4076 1.
423 4034 452 4097 p.
469 4023 498 4083 2.
523 4021 570 4084 ed.
592 4023 704 4104 Boot),
726 4027 896 4091 Ptolemaeo
918 4029 1124 4114 Plrilsdelplrn¹
1139 4035 1186 4099 di·

110 4088 227 4169 seipulo
258 4113 314 4159 suo
339 4099 439 4174 (Suid.
470 4123 495 4168 s.
522 4124 550 4170 s.
583 4105 725 4193 Φιλητᾶ)
760 4115 887 4194 Aegypti
917 4133 1038 4194 regnum
1068 4120 1106 4182 sb
1137 4121 1184 4185 01.

110 4169 245 4255 cmv,
267 4184 569 4266 1.-cxxxr11,s.
593 4199 706 4260 tenenti
724 4200 976 4280 superstitem
999 4202 1093 4267 luisse
1106 4204 1184 4271 riter

109 4267 329 4345 grammaticus,
351 4271 430 4335 ritse
449 4279 578 4342 Aruteee
600 4283 729 4363 scriptor
747 4285 797 4359 (Τ.
812 4284 851 4348 11.
872 4304 902 4367 p.
918 4291 992 4354 442.
1016 4287 1063 4351 ed.
1079 4290 1186 4372 Iiulrl.)¹

107 4349 245 4497 suffitur.
288 4355 503 4432 liernesisuss
530 4381 619 4452 ress,
646 4373 779 4452 quumvis
806 4370 889 4436 illum
917 4370 1114 4522 efll’sussnis
1142 4375 1182 4459 (t,
