2912 4920
490 437 495 455 ·
569 409 670 504 l'slleg.
689 409 798 498 tlte
1145 411 1225 498 281
1286 441 1288 444 ·

151 591 210 657 luo
231 587 404 666 adhibitum,
423 593 484 652 run
505 585 655 668 ambiguis
663 587 764 653 uerbis
781 583 988 662 iudicaturum,
1004 585 1123 668 relique
1142 603 1227 666 reto,

153 679 261 760 quidus
284 675 374 740 dolor
392 675 513 756 puellae
524 677 619 754 mugio
639 674 728 738 etism
751 691 898 756 uppurere
916 681 1028 755 posset,
1050 675 1228 737 omissurum

153 766 257 844 luisse,
278 763 342 828 ueri
364 761 506 826 dissimile
529 761 691 824 rideretur.
738 761 844 824 Altero
866 759 974 824 deiude
996 777 1029 822 se
1048 761 1157 824 obtulit
1175 778 1227 824 rs·

154 853 216 928 tio,
242 859 275 914 ot
295 867 355 912 uuo
377 849 472 912 solum
492 847 636 928 Cynthiae
662 845 784 910 dolores
804 856 833 911 et
854 863 951 928 ougor
971 847 1019 908 lie
1042 846 1229 912 deseribere·

154 948 214 1012 tur,
236 934 289 998 sed
312 937 400 999 etium
422 934 517 1016 ipsios
537 941 655 1015 poetro,
677 933 792 996 scilieet
814 935 840 995 si
859 952 917 996 nou
937 935 1014 1007 huie,
1033 933 1088 995 red
1109 931 1228 996 remulo

156 1023 284 1104 euipirm
301 1021 390 1101 siguo
408 1021 467 1084 istu
489 1019 560 1082 doto
575 1037 641 1082 esse
661 1037 849 1102 poneremus,
870 1021 977 1101 quidus
990 1019 1231 1099 legitimo-uuo·

155 1119 225 1176 tore
244 1117 402 1190 praesente
421 1105 574 1189 perfidiam
595 1105 716 1187 puellae
736 1116 767 1169 et
787 1107 920 1170 oooultos
935 1107 1097 1189 triumphos
1111 1107 1231 1170 iumium

157 1196 293 1276 gloriose
317 1194 482 1257 iuoteturus
508 1193 652 1275 proloqui
677 1200 839 1255 rotaretur.
888 1192 949 1256 Sed
973 1210 1011 1255 ue
1038 1195 1083 1256 siu
1111 1191 1231 1272 quidem
1366 1179 1369 1191 ’

158 1282 252 1356 deest,
268 1279 306 1342 de
316 1296 376 1362 quo
389 1279 516 1342 dubites.
546 1279 672 1342 Primum
685 1280 761 1341 euim
782 1279 813 1354 „i
823 1281 952 1343 rutee“
972 1277 1093 1360 puellae
1107 1280 1148 1356 (r.
1163 1279 1232 1354 dd)

158 1367 465 1431 commemorationem
487 1363 525 1427 od
554 1365 631 1428 ltuou
653 1373 735 1428 uerte
763 1381 883 1427 esuum
903 1365 1020 1428 relerre
1043 1383 1101 1428 ooo
1122 1363 1232 1446 possis.

159 1453 296 1530 Deinde,
324 1453 457 1536 quemvis
482 1451 667 1533 ,‚oospirio“
691 1468 720 1513 u.
742 1454 795 1515 tt.
817 1453 906 1514 etium
928 1451 1078 1534 Propertii
1098 1469 1160 1512 rem
1183 1451 1233 1514 lio
1359 1509 1363 1522 ,
1393 1436 1397 1453 ’

159 1541 214 1622 egi
235 1539 431 1614 subindicent,
455 1545 553 1600 murem
581 1537 783 1612 „loorimes
805 1541 911 1600 tuss“
936 1555 965 1600 r.
989 1541 1040 1601 24.
1055 1538 1234 1619 'posteriore

159 1627 230 1690 loeo
251 1627 378 1707 positum
400 1623 490 1687 multo
511 1625 607 1702 mugio
627 1623 769 1703 Cynthiae
791 1622 926 1686 dolorum
945 1639 1065 1688 eeutsm
1086 1623 1235 1706 quondum
1304 1632 1307 1640 '

160 1713 383 1793 insequentidus
412 1711 548 1773 uersibus
570 1711 679 1789 exponi
702 1709 899 1789 persuadeut3
930 1727 985 1772 mee
1014 1711 1132 1773 euxiour
1154 1719 1235 1774 metu

161 1809 217 1862 eut
237 1797 483 1861 eousuieutiu
509 1797 625 1877 perusti
648 1796 774 1858 eoimum
796 1813 850 1858 ueo
872 1795 1056 1877 pudorem
1078 1797 1234 1877 Gyutlioe,

163 1884 218 1950 ted
241 1883 371 1946 inuidiae
391 1884 538 1944 orueietus
562 1891 591 1944 et
617 1881 693 1944 irum
714 1889 840 1964 propter
859 1880 1012 1963 perfidiore
1034 1886 1120 1946 omioi
1142 1899 1235 1946 uexut

164 1971 259 2033 omnis
278 1971 489 2032 sestertiorum
513 1969 572 2030 sibi
594 1968 699 2050 posuit
751 1967 886 2050 lienique
914 1969 992 2032 iden
1023 1970 1073 2051 qui
1094 1971 1124 2032 io
1146 1987 1236 2052 supe-

163 2057 248 2122 riore
266 2056 514 2138 iuterpretutioue
533 2053 691 2136 serupulus
713 2062 822 2130 restet,
848 2053 928 2136 quod
946 2055 979 2117 iu
1001 2055 1082 2120 lueto
1102 2066 1163 2120 tum
1186 2071 1236 2118 re-

164 2143 245 2206 eeuti
266 2141 429 2222 exemplum
451 2159 488 2204 ex
505 2139 568 2203 elio
590 2141 701 2203 erroris
721 2148 854 2223 tempore
875 2143 1042 2222 repetitum,
1068 2143 1127 2206 uisi
1147 2159 1237 2208 orou-

164 2229 262 2292 retius
288 2236 367 2291 esset
389 2229 571 2309 expositum,
601 2227 782 2290 intellectum
810 2237 980 2290 mereretur
1007 2238 1038 2292 et
1063 2239 1237 2293 uuuoeutuu

163 2331 263 2396 peeue
289 2313 416 2396 portium
443 2314 589 2377 turbaret.
639 2316 679 2378 At
698 2314 789 2376 tertie
810 2313 907 2376 udluo
925 2314 976 2382 ris
999 2325 1150 2397 superest,
1175 2331 1237 2397 quo

163 2419 222 2464 uos
240 2402 414 2464 uouieoturu
435 2417 473 2463 ex
494 2400 567 2482 ipsis
589 2399 676 2463 lruius
694 2399 814 2480 elegiae
835 2400 950 2476 erosis,
978 2419 1053 2482 quus
1074 2420 1167 2485 supro
1186 2417 1239 2466 ex·

165 2489 333 2570 posuimus,
366 2487 450 2550 luotu
479 2497 629 2567 tamquam
664 2495 747 2549 serto
774 2487 878 2566 semite
901 2486 995 2550 duxit.
1051 2487 1114 2550 Fue
1151 2489 1238 2564 euin,

166 2571 314 2638 semotum
341 2572 428 2636 istum
454 2573 506 2652 qui
534 2573 684 2652 Propertii
711 2571 909 2636 erluuoiutor
936 2573 1017 2650 (³7.)
1052 2575 1239 2656 suspiciones

168 2657 313 2739 Gyutlrise
338 2669 487 2732 mereret,
518 2659 550 2720 iu
583 2658 688 2722 eodem
715 2675 780 2720 enm
812 2668 903 2741 poete
937 2659 1075 2722 eoooirio
1107 2659 1239 2724 uduisse.

166 2743 227 2808 tlte
254 2746 363 2824 igitur,
389 2754 422 2808 ut
448 2743 559 2806 loesom
589 2761 622 2808 se
650 2743 834 2824 signiticaret
861 2752 891 2807 et
914 2745 1103 2828 Propertium
1128 2745 1242 2810 lusidio

167 2842 317 2914 pungeret
337 2828 487 2893 erdeotem
510 2830 664 2912 eupidiue,
691 2830 773 2894 leuto
796 2839 826 2894 et
843 2829 957 2910 frigide
983 2849 1043 2894 mou
1065 2851 1172 2896 curere
1194 2833 1242 2896 ri·

168 2917 308 2993 debetur,
327 2916 452 2980 alterum
467 2915 605 2993 iorehst,
626 2934 691 2980 eom
713 2917 770 2980 hoe
792 2915 1049 2992 eortuouldmrur,
1075 2919 1242 2995 iurabatur,

168 3003 239 3070 lure
261 3003 320 3066 soli
341 3001 471 3078 hloude,
501 3003 570 3066 huie
594 3002 694 3065 tuellis
716 3011 799 3079 erut,
825 3001 893 3066 duum
920 3003 1059 3084 superbio
1087 3006 1183 3068 oeulis
1212 3013 1243 3070 et
1371 3051 1373 3060 ,

170 3090 302 3153 olieusue
323 3088 419 3171 pleois
439 3089 562 3151 emirum
584 3089 761 3164 luceoselrot,
788 3088 893 3164 donee,
919 3089 981 3154 bile
1003 3089 1120 3155 leodem
1141 3090 1243 3174 spleu-

171 3175 326 3252 desoeute,
350 3173 405 3237 ille
422 3175 534 3256 piloris
556 3175 696 3240 tortuose
716 3185 806 3257 etque
833 3176 944 3239 umoris
963 3175 1140 3241 documento
1160 3178 1243 3241 litte-

169 3281 222 3326 rus
244 3280 265 3324 u
286 3261 412 3342 Gyotliu
432 3262 491 3324 oilri
511 3260 598 3326 dotes
618 3259 803 3344 proditurum
826 3280 859 3327 se
879 3264 905 3326 si
949 3262 1072 3328 iduuret.
1116 3265 1171 3328 llis
1190 3281 1246 3328 ou·

172 3357 232 3412 tem
252 3347 360 3412 Pueris
386 3363 446 3412 uou
466 3347 562 3411 solum
589 3349 729 3412 erulorum
749 3367 834 3412 suum
855 3365 910 3412 ooo
926 3367 994 3412 esse
1010 3349 1136 3414 delirius
1161 3349 1246 3414 eluu-

173 3432 305 3498 destiuus
327 3443 416 3515 grute
435 3436 580 3498 memorio
597 3438 795 3518 repetirerut,
822 3436 876 3499 sed
896 3437 1025 3500 lortosse
1053 3435 1245 3501 uemulun

170 3519 268 3595 illum,
290 3538 375 3602 qoem
389 3537 467 3584 uuue
483 3523 571 3585 uuiso
584 3539 616 3585 se
632 3523 792 3586 obseruare
804 3521 946 3604 lugebat,
967 3524 1171 3606 contempti
1182 3523 1247 3587 oui

175 3616 207 3671 et
235 3606 414 3670 ludibrio
442 3609 612 3672 lubitum
642 3609 776 3672 dicteriis
805 3607 949 3672 similibus
970 3625 1072 3672 eorum
1091 3611 1248 3689 irriserat,

172 3692 282 3776 quium
302 3700 471 3777 praetorem
491 3713 511 3757 u
532 3694 691 3777 Propertio
711 3696 833 3778 petitum
854 3695 902 3759 El.
922 3693 961 3770 ll,
982 3699 1031 3772 ld,
1053 3698 1088 3774 8.,
1107 3695 1247 3776 legimus.

173 3779 272 3860 igitur
292 3781 435 3844 exterrito
454 3779 557 3862 puello
578 3791 608 3845 et
632 3783 723 3844 auxie
746 3779 974 3861 superciliis
994 3783 1115 3846 uerbo
1135 3783 1248 3846 remi·
1343 3821 1348 3832 ·

172 3867 229 3930 sit
257 3863 460 3946 digitisque
482 3868 655 3944 minoribus,
674 3877 708 3930 ut
726 3875 887 3932 tuoeret
907 3870 1126 3945 commisto,
1153 3870 1248 3952 impe·

110 3945 116 3958 ’
175 3952 264 4016 rosit.
277 3951 453 4032 Propertius
472 3971 544 4018 uero
558 3955 648 4018 tontis
667 3955 785 4017 iniuriis
799 3971 942 4018 ueeeosus
958 3971 1017 4017 mou
1031 3955 1153 4032 destitit,
1175 3957 1249 4037 quio

173 4037 278 4101 enuit
298 4035 449 4120 proderet.
499 4040 574 4103 Tum
602 4040 658 4104 ille
684 4041 809 4124 primum
831 4039 1034 4119 dissimulare,
1061 4041 1157 4122 ipsius
1177 4059 1249 4124 peu-

172 4133 246 4190 outo
267 4123 463 4207 exprobrare,
484 4124 593 4190 deiude
612 4127 662 4191 ire
682 4127 787 4203 timul,
812 4133 845 4190 ut
866 4127 914 4206 tt,
937 4135 1027 4209 utque
1044 4128 1161 4211 pudore
1178 4145 1251 4192 ouu-

175 4207 312 4288 deseeus,
330 4209 497 4275 melediotis
517 4213 682 4294 improbum
703 4214 875 4290 irrisorem,
905 4223 995 4295 utque
1014 4213 1093 4277 odeo
1115 4215 1249 4278 mamilus

173 4295 299 4362 durioris
324 4293 479 4362 iurudere.
527 4299 604 4363 llius
629 4299 739 4364 seditio
775 4307 805 4364 et
831 4301 970 4369 tumultus
1002 4309 1033 4363 et
1059 4299 1143 4381 loge.
1185 4299 1249 4365 lum

176 4399 250 4452 uero
267 4389 299 4449 ut
319 4391 350 4451 et
364 4381 454 4450 ultori
473 4400 508 4450 se
527 4395 672 4470 purgaret
693 4395 723 4456 et
740 4387 929 4472 Propertium
950 4383 1103 4454 sudetur
1122 4383 1251 4456 metuo·
