2950 4932
211 354 291 441 220
540 347 802 426 Commentarius
823 351 857 416 iu
884 349 983 436 l'rop.

216 544 283 595 sau
299 525 388 610 primi
409 525 618 604 turbauerunt,
647 525 698 609 qni
728 523 767 591 de
794 535 857 592 toto
878 527 978 609 securi
999 527 1030 590 iu
1059 523 1180 606 singula
1198 521 1294 587 rerba

218 615 373 694 inquirere
394 615 494 678 conati
507 622 583 676 snut
627 613 785 678 Plurimum
807 624 905 676 autem
924 613 1040 676 fraudis
1061 611 1132 676 lecit
1148 611 1293 687 Broulsh,

219 703 270 782 quui
299 701 487 780 Lynceum
515 701 591 762 huuc
621 708 751 762 nostrum
773 699 897 762 eundem
919 717 1002 774 esse,
1031 717 1117 780 quem
1143 714 1216 761 uero
1238 713 1293 758 uo-

219 788 298 850 tsine
321 785 383 864 (El.
403 783 427 858 l,
450 789 480 849 7.
503 784 526 860 l,
545 788 592 860 9.)
621 785 820 850 Ponticum
848 785 1022 866 Propertius
1046 783 1196 867 appellat,
1225 799 1294 844 cre·

221 871 319 934 debat.
367 871 458 950 Atqui
478 887 542 932 eam
572 870 741 952 opinionem
763 871 820 932 iam
838 872 991 952 utriusque
1013 872 1139 934 nominis
1161 867 1292 930 numeris

220 968 251 1022 et
272 954 452 1035 syllabarum
478 957 622 1018 mensuris
652 957 779 1020 refutari
806 957 1069 1022 demonstrauimus
1096 956 1132 1035 Q.
1154 954 1189 1016 P.
1213 955 1237 1030 l,
1259 957 1291 1018 5.

221 1061 252 1126 p.
271 1047 322 1104 20.
343 1051 374 1104 et
399 1041 525 1122 anplius
553 1042 682 1122 Specim.
703 1043 728 1104 l.
749 1059 780 1124 p.
803 1048 901 1124 dsqq.
946 1042 1031 1106 Unde
1060 1041 1171 1104 iniuria
1191 1059 1219 1104 u.
1239 1043 1292 1103 41.

220 1147 277 1211 pro
297 1127 510 1206 Aeschyleo
533 1130 677 1190 cothurno
699 1128 881 1191 Achilleo
902 1130 1067 1192 restitutum
1090 1144 1166 1200 esse,
1186 1135 1292 1207 sponte

221 1222 357 1296 apparet.
399 1213 503 1294 Neque
524 1215 601 1276 cuius
623 1215 674 1295 qui
692 1215 732 1278 sit
756 1213 960 1278 Achilleus
986 1217 1215 1288 cothurnus,
1240 1219 1293 1275 aut

222 1319 309 1382 quam
331 1298 439 1362 Latine
468 1298 600 1374 dicatur,
629 1299 783 1380 quisquam
810 1299 918 1364 docuit
966 1299 1064 1364 Multo
1092 1315 1165 1362 uero
1196 1297 1291 1360 miuus

220 1385 360 1448 carminis
382 1385 482 1466 epici
501 1387 667 1449 orationem
687 1386 868 1450 cothurni
888 1385 1179 1467 nominesiguilicari
1202 1398 1292 1465 posse

220 1481 314 1556 petet
358 1470 433 1534 Nan
453 1469 544 1548 longe
567 1469 693 1536 diversa*
707 1481 775 1534 snut
796 1473 947 1553 exemplu,
974 1490 1052 1554 quse
1074 1475 1139 1554 ipse
1158 1469 1291 1532 Broukh.

221 1557 262 1620 de
287 1555 462 1621 cothususto
486 1557 616 1620 Marone
642 1575 681 1620 ex
705 1558 841 1628 Martiali
868 1557 970 1634 allert,
1006 1557 1088 1620 aliud
1122 1557 1210 1618 etiarn
1238 1554 1291 1632 111,

223 1649 275 1719 17,
298 1647 350 1706 39.
393 1641 498 1726 ltaque
523 1641 561 1706 de
582 1643 800 1719 Thebaide,
829 1645 941 1726 epico
964 1643 1081 1707 Pontici
1109 1643 1158 1706 sel
1179 1639 1299 1722 Lyncei¹

223 1730 366 1803 carmine,
388 1727 438 1790 hic
460 1745 607 1810 praetere
628 1745 839 1810 supervacuum
861 1740 917 1805 est,
945 1747 982 1792 ne
1004 1729 1100 1792 dicam
1123 1727 1292 1792 absurdum.

223 1813 430 1894 Tragoediam
459 1815 617 1896 scripsisse
651 1825 682 1880 51
713 1815 896 1894 Aeschyli
922 1815 960 1878 ad
989 1813 1152 1895 exemplum
1180 1823 1293 1894 septem

224 1900 328 1965 ducum
356 1900 421 1962 ista
448 1902 651 1982 composuisse
677 1901 883 1981 Lynceum,
910 1901 936 1963 si
962 1900 1026 1965 ulls
1054 1901 1140 1964 libris
1173 1900 1292 1980 scriptis

222 1996 254 2050 et
274 1987 334 2067 ipsi
354 1985 511 2067 Propertio
533 1987 606 2050 tides
626 1993 679 2062 est,
700 1987 770 2050 coll.
790 2005 820 2048 r.
836 1989 878 2050 39
892 2006 959 2069 sqq.
981 2004 1036 2069 pro
1058 1987 1216 2068 explorato
1238 1985 1294 2064 ha·

220 2072 349 2144 bendum
372 2081 426 2135 est
476 2073 567 2146 ilinc,
596 2070 670 2151 quid
698 2072 756 2135 hoo
781 2073 847 2155 ipso
870 2091 957 2135 rersu
980 2077 1032 2138 29.
1054 2071 1213 2152 legendum
1243 2071 1293 2148 sit,

222 2157 313 2220 iacile
342 2157 504 2238 colligitur.
556 2157 661 2237 Neque
689 2159 766 2221 enim
793 2157 934 2222 audiendi
961 2166 1054 2233 suunt,
1072 2159 1123 2239 qui
1150 2157 1294 2220 ltalornm

221 2243 319 2308 libres
348 2243 464 2305 iniimuc
492 2251 582 2305 uotae
608 2243 702 2306 secuti
725 2254 755 2309 et
774 2246 875 2306 nescio
897 2244 970 2327 quid
999 2243 1036 2306 de
1065 2243 1292 2324 Epimenide

223 2327 361 2394 Cretensi
383 2329 563 2392 somniantes
585 2325 744 2392 Gretae'i
764 2331 962 2411 scripserunt,
981 2329 1061 2411 quud
1084 2330 1128 2392 sic
1150 2347 1187 2392 ne
1208 2328 1294 2391 Lati·

223 2433 290 2478 nnn
318 2413 433 2496 quidem
468 2431 534 2476 esse
561 2414 620 2476 iant
648 2415 715 2480 Nic.
743 2417 880 2479 lleinsius
906 2416 1013 2490 (Adur.
1034 2434 1066 2496 p.
1089 2414 1179 2492 358.)
1208 2413 1293 2478 uidit.

222 2501 287 2566 Nec
300 2501 395 2580 magis
416 2500 517 2581 placet
539 2498 689 2579 Scaligeri
708 2501 870 2578 inuentum,
896 2502 1077 2576 Lucreti,
1103 2518 1191 2581 quem
1210 2501 1294 2562 iure-

221 2603 287 2649 555
308 2594 451 2649 mortuom
479 2603 576 2648 senem
597 2584 657 2649 dici
679 2605 737 2650 sou
759 2605 848 2669 posse
866 2587 953 2651 obliti
976 2595 1060 2661 suut,
1088 2596 1139 2651 aut
1158 2585 1294 2658 Aetnaei,

222 2671 304 2752 quud
330 2673 381 2734 rix
402 2671 464 2733 ullo
490 2670 577 2734 codd.
599 2689 670 2736 mss.
696 2675 825 2754 vestigio
858 2675 963 2736 relicto
984 2672 1111 2736 lacobus
1136 2671 1296 2754 proposuit

222 2759 261 2820 dc
280 2756 463 2840 Empedocle
491 2759 639 2836 cogitans.
689 2757 767 2834 Quid
795 2758 833 2821 dc
860 2759 962 2824 Puccii
991 2755 1155 2823 Tirtseu
1186 2759 1293 2832 dicem,

221 2853 274 2907 ant
293 2861 380 2924 quem
401 2842 481 2906 idem
502 2845 633 2906 mirabili
655 2841 792 2906 doctriua
813 2843 1005 2916 commendat,
1027 2844 1180 2908 Gritcoi
1223 2844 1296 2906 llo·

221 2947 357 2992 merum
397 2931 473 2992 enim
499 2929 633 2992 inaudito
660 2932 720 2992 hoc
754 2931 895 2995 attributo
923 2928 1088 3009 significari
1120 2929 1194 2994 rult.
1246 2929 1294 2990 Tu

221 3033 311 3092 uero,
335 3031 395 3097 quo
424 3033 542 3092 omues,
570 3015 622 3096 qni
650 3016 769 3096 quidem
793 3016 825 3076 iu
852 3016 955 3098 aliquo
976 3033 1098 3078 numero
1117 3025 1199 3089 scrut,
1221 3015 1294 3078 libri

219 3103 393 3164 necessario
414 3101 539 3176 ducunt,
560 3101 711 3163 uobiscum
731 3101 945 3166 Erechthei
964 3102 1072 3178 scribe,
1092 3118 1152 3182 qno
1176 3101 1295 3162 nomine

220 3186 310 3262 idem,
340 3205 425 3267 quesn
446 3187 588 3266 Scaliger
609 3190 711 3251 541.
740 3188 864 3250 exulare
883 3187 985 3262 iussit,
1012 3186 1294 3266 1155515115εεί-

220 3273 396 3349 niteatur.
432 3271 677 3334 Erechtheus
699 3273 882 3336 enimsenert
903 3273 1157 3337 Atheniensis
1176 3271 1294 3348 est(sic

219 3357 469 3422 Erechtheas
497 3375 583 3420 arces
610 3357 695 3422 Ouid.
722 3359 799 3422 Met.
831 3357 908 3434 Vlll,
937 3361 1010 3424 517.
1043 3357 1293 3424 Erechtheas

221 3441 349 3506 domus
370 3441 453 3506 Fast.
475 3442 510 3517 V,
533 3447 606 3506 aot.
627 3444 822 3506 Athenienses
843 3442 995 3524 dicuutur)
1017 3444 1120 3506 eadem
1139 3445 1295 3522 ancingis,

219 3545 280 3608 qua
302 3529 340 3591 ad
363 3527 585 3608 significandam
608 3537 718 3592 terram
740 3529 789 3594 sel
812 3528 953 3611 populum
973 3529 1135 3610 pernitionis
1157 3530 1295 3611 appella-

220 3615 352 3680 tionibus
378 3617 416 3678 eb
445 3616 568 3694 antiquo
597 3615 687 3696 primi
712 3611 795 3696 regis
822 3617 941 3678 nomine
976 3616 1070 3679 ductis
1093 3616 1184 3696 Prop.
1214 3617 1294 3678 alias

220 3702 309 3762 ctiam
336 3703 437 3765 utitur.
486 3699 552 3776 Sic,
578 3719 615 3762 me
643 3700 680 3762 de
708 3698 904 3764 Dardanis
932 3711 984 3765 sut
1010 3700 1159 3763 Danais
1187 3699 1295 3777 dicam,

219 3787 341 3851 Linus
366 3785 737 3866 Argolicuslnuclins
760 3787 810 3862 (ll,
833 3791 883 3864 13,
904 3789 961 3865 8.),
990 3785 1096 3849 Ledo
1121 3798 1294 3870 compertu

220 3889 274 3934 suo
297 3871 483 3936 Inachiae
511 3873 702 3936 heroiuae
724 3871 763 3948 (1,
786 3877 815 3947 3,
836 3871 907 3948 cr.)
936 3871 1074 3952 audiunt,
1101 3874 1147 3934 sic
1171 3873 1294 3935 Athe-

220 3959 374 4021 nienses
395 3961 453 4043 ipsi
474 3957 761 4021 Erichthonius
783 3956 944 4038 populus
968 3958 1104 4022 dicontur
1124 3957 1174 4036 (ll,
1190 3959 1221 4033 6,
1234 3960 1292 4028 4.).

219 4044 310 4124 Atqui
331 4059 396 4106 cum
417 4045 653 4108 Erechtheus
677 4051 707 4106 et
725 4042 1006 4107 Erichthonius
1027 4061 1085 4107 nou
1105 4043 1192 4106 modo
1215 4045 1294 4106 eius·

217 4125 284 4192 dem
306 4131 432 4192 nominis
453 4129 615 4208 positiones
636 4137 748 4192 tantum
770 4127 906 4192 diversae
928 4131 988 4193 sint
1006 4129 1060 4203 (cl.
1078 4128 1232 4192 creutzer.
1255 4128 1293 4190 de

216 4213 351 4292 Symbol.
372 4213 410 4276 Il.
439 4231 470 4292 p.
493 4217 556 4277 276
571 4233 616 4294 sq.
644 4211 685 4276 id.
713 4212 752 4278 sd
780 4211 842 4276 cte.
869 4213 906 4277 N.
929 4214 1111 4291 1111119.
1133 4233 1165 4296 p.
1193 4217 1294 4290 575),

213 4293 271 4362 sed
298 4297 339 4362 sd
361 4297 616 4364 Erechtheum
643 4291 703 4362 τὸν
722 4297 842 4384 γηγενῆ
862 4295 1038 4384 λεγόμενον
1059 4299 1188 4384 (Herod.
1216 4299 1295 4380 vlit.
